2982 4992
1250 893 1270 938 ἱ

342 973 1118 1106 rannosrro

399 1313 402 1316 Ι
453 1207 521 1284 10.
548 1209 760 1288 aenean
782 1213 1000 1289 omrem.

626 1435 829 1454 m

1 1675 2 1679 ,
111 1682 114 1689 Δ
192 1583 306 1694 Quum
333 1623 402 1676 ante
425 1609 484 1676 ¹bos
511 1635 568 1678 sex
596 1635 715 1680 menses
742 1612 926 1679 redemtores
953 1611 1157 1680 honestissimi
1176 1635 1197 1680 a
1217 1639 1267 1682 me

188 1695 364 1796 petiissent,
384 1709 419 1760 ut
436 1696 564 1782 Spolmii
585 1698 747 1765 editionem
762 1697 945 1788 Panegyrici
964 1698 1157 1785 repetendam
1178 1722 1268 1765 cura·

188 1802 271 1861 rem,
294 1804 406 1867 qurppe
427 1803 504 1880 quae
522 1805 542 1882 a
562 1783 665 1849 multis
686 1781 848 1848 etiamnum
870 1783 1106 1866 desideraretur,
1139 1805 1266 1870 eamque

189 1887 311 1948 operam
331 1878 457 1966 propter·
472 1889 620 1968 rnsrgqem
639 1867 798 1934 utilitatem
820 1882 851 1934 et
870 1869 1266 1968 voluptatem,·quam'ipse

190 1947 363 2046 adolescens
385 1973 424 2014 ex
445 1950 501 2015 rlla
522 1951 654 2018 edrtrone
671 1975 882 2054 perceperam,
912 1952 995 2017 haud
1021 1967 1135 2018 rnrrtns
1160 1976 1266 2018 susae·
1318 2023 1322 2030 ,

188 2053 318 2117 ptssemr
340 2033 373 2097 id
389 2033 519 2181 primum
540 2036 669 2102 officium
690 2036 765 2102 mibr
783 2037 996 2126 praestandum
1011 2035 1099 2119 duxi,
1122 2050 1156 2101 ut
1171 2039 1267 2102 verba

189 2119 305 2180 Graeca
326 2117 397 2182 exbr
420 2141 499 2182 erem
521 2135 663 2202 wantum
683 2121 751 2186 fieri
764 2136 867 2208 posset
884 2119 1137 2194 emendatissima.
1176 2121 1266 2202 Quod

120 2267 122 2273 .
164 2213 222 2272 ,ut
242 2199 275 2264 in
293 2205 425 2266 Isocrate
446 2201 545 2264 minus
566 2203 689 2268 difficile
710 2205 759 2286 sit,
781 2229 872 2289 quam
891 2205 925 2271 in
945 2205 1051 2271 ceteris
1071 2205 1266 2292 scriptoribus

187 2283 339 2369 antiquis,
361 2285 461 2349 effecit
482 2287 688 2350 [mmanuelis
709 2289 868 2370 Bekberd,
899 2289 1008 2354 summi
1034 2288 1112 2372 viri,
1142 2311 1266 2354 accura-

187 2369 302 2434 tissima
329 2367 506 2454 diligentia,
539 2368 624 2434 cuius
652 2371 856 2437 recensionem
884 2371 917 2436 in
944 2371 1097 2472 plerisque
1124 2387 1267 2456 sequetur

187 2453 356 2540 quicunque
377 2467 409 2518 et
428 2458 562 2520 Graecae
582 2454 706 2540 linguae
726 2453 860 2520 indolem
882 2469 912 2522 et
926 2460 1066 2522 haerens
1087 2465 1174 2521 usum
1194 2479 1266 2544 per·

187 2539 332 2626 sperarit.
383 2541 492 2623 ltaque
519 2537 552 2602 in
577 2537 660 2604 illius
694 2539 826 2604 editione
858 2539 1111 2627 praestantissima
1134 2540 1184 2620 ita
1213 2562 1267 2605 ac·

188 2623 309 2706 quievi,
329 2635 362 2686 nt
382 2636 483 2688 tamen
502 2622 677 2708 aliquoties,
707 2624 761 2689 ubi
781 2625 834 2689 rel
853 2647 934 2690 nova
954 2647 1023 2691 mea
1043 2623 1179 2690 subsidia
1199 2648 1265 2688 me-

186 2707 291 2772 liorem
311 2706 469 2772 lectionem
490 2708 699 2794 praebuissent
719 2709 771 2774 vel
787 2708 918 2774 rationes
933 2709 1057 2794 linguae
1072 2709 1267 2774 mutationem

131 2851 133 2858 ,
187 2792 363 2876 suasissent,
385 2792 424 2856 ab
445 2791 499 2856 illa
520 2792 661 2856 recedere
681 2815 742 2857 non
763 2791 941 2860 dubitarem.
983 2797 1070 2872 Quae
1090 2807 1191 2857 autem
1207 2791 1265 2856 ad·

142 2906 148 2917 1
187 2875 338 2957 iumenta,
369 2889 489 2962 praeter
518 2875 662 2962 optimum
690 2876 823 2940 codicem
849 2875 1044 2958 Urbinatem,
1073 2899 1093 2942 a
1119 2875 1264 2941 Belskero

188 2983 360 3042 excussam,
381 2959 602 3046 Panegyricum
623 2959 726 3024 edenti
744 2958 819 3044 milri
834 2973 954 3046 praesto
969 2973 1064 3041 erant,
1085 2959 1161 3024 baec
1176 2972 1263 3024 sunt:

251 3044 384 3109 Primum
398 3043 476 3109 enim
492 3045 648 3127 Bremiuo,
670 3043 719 3108 vir
730 3041 1013 3131 praestantissimus,
1032 3047 1092 3129 qua
1108 3043 1201 3108 estin
1215 3066 1265 3108 me

188 3129 301 3194 eximia
314 3129 469 3210 voluntate
484 3129 597 3192 dudum
613 3151 729 3210 mecum
745 3128 1015 3196 communicaverat
1025 3127 1168 3193 lectiones
1183 3133 1265 3193 Pan·

187 3213 304 3314 egyrici
318 3237 335 3278 e
352 3211 454 3278 codice
468 3213 680 3278 Arabrcse'aao
696 3211 794 3296 (cuius
809 3211 1021 3278 accuratiorem
1038 3211 1266 3300 descriptionem
1351 3229 1354 3242 ·

186 3300 259 3364 vrde
278 3297 311 3362 in
331 3297 437 3363 notitia
456 3297 605 3381 codicum)
627 3297 766 3362 aneseio
787 3297 940 3382 qnosatis
966 3295 1126 3382 diligenter
1153 3309 1265 3362 erutas.

187 3386 275 3464 Quae
295 3405 386 3467 quum
407 3379 541 3468 Spohnio
562 3394 663 3446 essent
683 3380 850 3446 destinatae
870 3381 965 3446 serius
987 3382 1027 3446 ad
1056 3403 1125 3445 eum
1152 3403 1265 3467 perve-

110 3471 112 3475 ’
187 3481 306 3548 nerunt,
330 3488 419 3550 quern
439 3479 473 3530 ut
492 3465 559 3552 ipse
579 3465 617 3530 iis
638 3463 684 3530 uti
699 3465 855 3552 potuisset.
900 3467 1063 3537 Confirmat
1080 3477 1181 3529 autem
1196 3464 1266 3550 ple·

187 3574 314 3635 rumque
334 3549 553 3616 Ambrosianus
573 3549 731 3615 lectionem
751 3549 908 3616 Urbinatis
930 3551 979 3614 eui
998 3549 1085 3616 multi
1106 3549 1205 3614 adhue
1232 3559 1266 3610 ut
1304 3604 1305 3608 ,

187 3633 364 3722 interpolato
385 3635 476 3699 fidem
497 3634 666 3721 denegant,
697 3633 776 3699 inter
801 3657 877 3720 qnos
906 3635 1071 3698 Matthiae
1100 3633 1133 3698 in
1155 3637 1266 3700 Gram-

188 3719 315 3800 matica;
333 3719 364 3783 in
386 3718 454 3782 aliis
476 3731 577 3783 tamen
597 3717 744 3784 consentit
763 3727 831 3782 curn
852 3719 1007 3804 Vulgata;
1030 3719 1085 3782 sed
1107 3731 1153 3782 est
1174 3717 1267 3796 etiam

189 3789 245 3870 ubi
263 3803 345 3869 solus
366 3825 470 3868 veram
490 3801 633 3870 servavit.
685 3800 820 3902 Dignum
849 3801 941 3887 igitur
966 3826 1036 3868 eum
1062 3801 1157 3867 habui
1183 3800 1267 3866 cuius

189 3887 337 3975 integram
357 3887 533 3953 varietatem
553 3886 586 3952 in
607 3887 849 3953 amotauonibns
869 3887 1051 3968 indicarem,
1074 3885 1176 3972 paucis
1197 3900 1267 3951 tan·

157 4049 160 4056 ,
189 3972 342 4044 tummodo
371 3971 588 4059 praetennissis
609 3993 687 4056 qnae
708 3971 950 4058 orthographiam
971 3985 1107 4057 spectant
1128 3970 1268 4056 saepius·

191 4079 250 4143 que
270 4070 435 4123 recurrunt.
480 4055 601 4122 Scilicet
619 4057 652 4121 in
673 4079 709 4122 eo
731 4071 900 4121 constanter
920 4056 1061 4142 seriptum
1090 4069 1135 4120 est
1166 4056 1268 4120 nelo-

192 4139 356 4230 πόνησος,
389 4155 419 4206 et
447 4139 593 4206 contrario
623 4147 724 4206 errore
755 4138 917 4230 ὅιοῤῥοςς
945 4163 1051 4224 neque
1069 4139 1101 4203 in
1129 4133 1270 4225 prosodia

184 4227 283 4294 ullius
304 4241 351 4294 est
371 4223 555 4290 auctoritatis
576 4239 606 4290 et
626 4165 823 4312 apostroplos
841 4226 943 4311 paullo
958 4225 1086 4290 rariores
1101 4223 1194 4286 habet
1209 4225 1271 4286 Ur·

191 4310 308 4380 binata·
351 4314 431 4378 (lum
451 4309 558 4378 eodem
578 4310 680 4376 codice
700 4333 793 4396 quum
819 4323 880 4376 tres
908 4309 985 4376 alias
1013 4308 1172 4389 orationes,
1200 4305 1271 4370 Ar·
