2982 4992
439 401 502 467 sr
530 401 662 466 eurr.
690 401 979 470 rsocunrrs.
1124 359 1274 501 'xm'

256 587 327 650 Post
345 588 489 666 Largium
517 590 608 650 multo
633 591 737 652 rectius
766 588 863 652 officio
892 589 1010 650 editoris
1032 602 1061 648 et
1080 591 1244 666 interpretis

171 674 283 734 furanus
307 685 351 734 est
369 673 483 751 Comy,
499 677 549 734 cui
564 686 679 748 praeter
692 671 838 736 Wolfirnn
855 676 964 748 primae
981 676 1145 736 tribuendae
1162 688 1251 738 sunto

167 751 342 837 Ἑλληνικῆς
358 753 564 836 βιβλιοθήκης
583 752 661 836 trip.-
677 760 798 838 πρῶτος
818 757 869 818 καὶ
892 751 1046 838 δεύτερος,
1067 763 1108 820 ita
1129 783 1242 836 quoqrre
1295 835 1299 842 .

170 845 313 918 inscripti:
333 837 525 922 Ἰσοκράτους
547 836 630 922 λόγοι
655 843 709 904 καὶ
730 839 889 904 ἐπιστολαί
894 887 906 916 ,
933 839 1027 920 μέρος
1049 845 1169 922 πρῶτον
1190 845 1242 904 καὶ

170 923 326 1006 δεύτερον,
357 928 450 988 Paris.
474 935 568 990 1807.
591 936 623 992 8.
644 927 717 992 Vol.
738 925 767 990 Ι.
788 938 918 1004 textam,
948 924 1023 986 Vol.
1044 925 1086 986 Π.
1116 931 1242 990 animad-

168 1015 318 1074 versiones
339 1015 472 1071 continet.

254 1095 338 1155 Hanc
358 1091 456 1156 secuta
476 1101 521 1158 est
541 1097 628 1156 editio
648 1096 838 1160 Immonactis
857 1095 986 1158 Bekkeri
1008 1095 1164 1170 (Oratores
1183 1101 1262 1166 At·-

169 1183 220 1240 tici
241 1201 280 1242 ex
299 1183 465 1242 recensione
484 1179 508 1239 Ι.
524 1179 666 1245 Bekkeri.
689 1181 797 1250 Tomos
810 1184 961 1244 secundus.
976 1180 1128 1246 Isocrates.
1142 1185 1241 1247 Oxou.

171 1272 268 1327 1822.
286 1263 552 1338 etBerol.1823.)
574 1287 648 1342 quac
668 1267 868 1342 praecedentes
886 1287 986 1329 omncs
1007 1270 1094 1344 louge
1114 1283 1241 1345 superat.

168 1349 377 1413 Reccusionem
404 1353 534 1412 omuibus
559 1354 687 1412 muneris
715 1353 874 1414 absolutam
902 1352 971 1412 dare
997 1356 1137 1429 potuisset
1159 1354 1242 1416 Bek-
1266 1399 1281 1418 1

166 1434 275 1512 Reuss,
303 1438 328 1494 si
359 1436 422 1494 cod.
441 1435 609 1496 Urbiuetcm
626 1441 713 1496 etiam
733 1441 861 1511 pressius
887 1447 1002 1498 secutus
1022 1448 1117 1514 esset,
1148 1461 1242 1516 neque

166 1521 344 1596 neglexisset
372 1521 454 1580 codd.
475 1519 649 1582 Vaticanum
669 1517 738 1596 (A),
771 1531 801 1580 et
818 1521 1044 1582 Laurentianruu
1076 1534 1169 1598 totos,
1211 1529 1241 1584 in

166 1607 324 1680 primisque
344 1603 571 1666 Ambrosisruun
597 1617 747 1682 exeruere;
784 1609 827 1666 sic
854 1627 968 1680 quoqne
996 1607 1086 1666 talem
1106 1611 1134 1668 ei
1154 1609 1241 1670 debe·

166 1711 250 1766 mus,
272 1692 365 1764 qualis
384 1693 435 1753 vix
455 1691 508 1750 ulli
528 1693 699 1765 scriptorum
719 1693 897 1765 antiquorum
919 1692 1047 1766 contigit.
1126 1719 1136 1732 ν

251 1773 422 1835 Bekkernm
440 1776 521 1842 brevi
543 1779 655 1850 excepit
678 1775 850 1838 Guilr'elmtos
867 1773 1067 1853 Didmfim,
1090 1777 1140 1850 qni
1160 1779 1240 1838 illius

167 1859 322 1918 editionem
350 1863 499 1934 perpaucis
525 1861 577 1922 sed
603 1863 721 1937 egregie
749 1862 905 1920 immutatis
925 1871 955 1920 et
972 1864 1114 1938 annotatis
1133 1864 1172 1920 ita
1193 1883 1240 1921 re·
1339 1901 1345 1912 ·

166 1943 267 2018 petiit,
306 1953 338 2002 ut
362 1945 449 2004 etiem
478 1945 699 2022 typograpliieos
727 1947 880 2007 nmmullos
911 1964 1025 2007 errores
1058 1958 1239 2024 propagaret,

167 2029 327 2102 srunptibus
348 2025 509 2104 Teubneri‚
529 2029 612 2105 Lips.
635 2034 730 2092 tsso.

176 2113 179 2119 '
252 2111 461 2189 Panegyricum
480 2123 579 2188 postea
598 2118 720 2176 seorsim
741 2114 890 2184 edidcumt
915 2115 952 2176 (d.
965 2115 1150 2190 Pinzgerus,
1173 2136 1240 2176 cnm

165 2200 246 2258 brevi
271 2200 452 2258 annotatione
479 2201 588 2258 critica.
605 2199 690 2274 Lips.
705 2203 817 2268 ‚18252
848 2210 879 2258 et
911 2199 947 2258 G.
970 2199 1154 2278 Diadcrfius
1174 2221 1240 2260 cum

165 2281 245 2354 Mori
264 2287 381 2359 suispre
409 2292 545 2343 annotatt.
575 2281 661 2363 Lips.
685 2289 779 2345 1826.
824 2281 942 2345 Praeter
961 2282 1042 2344 Mori
1061 2285 1240 2344 arrimadrer-

146 2372 263 2446 ‚sioues
283 2369 433 2430 historicas
455 2371 485 2426 in
499 2367 553 2426 hac
566 2369 635 2431 edit.
652 2371 748 2430 insuam
765 2369 851 2428 etiam
866 2367 1005 2443 eneam
1027 2368 1061 2426 0.
1075 2368 1108 2426 0.
1122 2367 1240 2430 Weod-
1354 2434 1359 2440 ,

164 2455 238 2530 leri,
265 2455 318 2514 sed
336 2473 389 2514 aee
409 2451 489 2512 Mori
508 2457 624 2515 nemisse
641 2455 812 2528 insignitae,
841 2453 943 2513 sedulo
964 2455 1080 2512 reiectis
1100 2457 1240 2528 quaestiu-

164 2559 222 2617 que
243 2559 260 2598 a
280 2536 410 2614 Spohnio
431 2537 468 2596 ad
497 2535 709 2616 Panegyricum
734 2547 865 2597 ermotnta
894 2548 984 2598 oraru.
1026 2535 1139 2598 Indices
1160 2537 1240 2600 Mori

75 2617 79 2624 ’
165 2627 201 2684 ab
222 2633 256 2684 eo
278 2634 420 2684 correctos
439 2641 522 2700 esse,
551 2623 582 2684 id
602 2623 679 2700 quod
698 2625 728 2682 in
749 2623 924 2698 praefatione
946 2621 1087 2704 affirmat,
1109 2644 1162 2684 nos
1182 2645 1263 2718 nou·
1361 2650 1365 2664 ·

164 2711 298 2771 viduos.
467 2749 473 2762 ·
527 2745 528 2752 ι

250 2793 403 2858 Praeterea
431 2795 676 2856 commemorande
697 2806 743 2856 est
767 2797 853 2858 editio
873 2795 1052 2858 Antidoseos
1072 2797 1238 2876 Mrmosy-

164 2876 223 2938 deo
242 2878 364 2942 Medici.
387 2885 480 2958 1812.
503 2902 590 2954 ‹prrrm
610 2883 639 2940 iu
666 2879 721 2938 hac
748 2884 875 2941 oratioue
891 2901 995 2956 magum
1019 2903 1085 2956 pars
1104 2880 1237 2960 Panegy-

164 2966 216 3023 riei
235 2966 356 3039 repetita
376 2967 424 3024 sit.
469 2963 593 3026 Textum
615 2963 693 3024 dedit
712 2961 907 3042 Mastoxydes
924 2987 940 3024 e
957 2963 1236 3042 codAmbrosiano,

165 3047 283 3108 adiectis
303 3051 391 3108 variis
413 3051 583 3110 lectionibus
604 3049 667 3108 cod.
683 3047 881 3109 Laurentiani.
923 3047 1044 3124 Propter
1060 3052 1165 3110 multos
1186 3057 1237 3127 qui

163 3135 260 3192 insunt
287 3153 419 3208 errores,
457 3133 679 3210 typographicos
707 3133 854 3209 aliosque,
890 3145 971 3194 caute
999 3133 1160 3194 adhibenda
1179 3147 1236 3213 est,

163 3237 217 3276 nec
233 3220 289 3276 nisi
307 3220 337 3276 iu
358 3220 499 3276 auxilinm
518 3219 625 3276 vocatis
646 3219 879 3293 correctionibus,
900 3237 972 3292 ¹ques
989 3218 1027 3276 ad
1047 3219 1153 3278 calcem
1170 3241 1237 3279 ver·

95 3333 106 3342 ·
162 3303 252 3360 siorris
272 3301 394 3362 Latinae
414 3300 537 3360 Mediol.
561 3308 655 3361 1813.
682 3301 776 3360 editae
803 3303 907 3362 adiecit
935 3312 1034 3360 erector
1061 3300 1236 3380 Anonymua

162 3384 315 3460 (Angelus
332 3385 465 3456 Morino).
508 3381 885 3460 Mustoxydis-editioncm
913 3386 1099 3460 repetendam
1129 3391 1237 3448 cnmrit

163 3469 254 3544 casp.
280 3468 427 3546 Oreliius,
462 3469 566 3526 additis
585 3470 710 3544 egregiis
731 3469 1022 3530 animadversionibus
1043 3481 1072 3530 et
1093 3469 1235 3546 Excursu,

163 3549 262 3612 Turici
285 3558 378 3612 1814.

248 3635 417 3710 Nuperrime
437 3635 560 3710 denique
589 3635 771 3710 prodierunt:
807 3636 950 3696 [soenes
974 3635 1131 3698 Ormienes
1153 3639 1236 3700 Gom-
1281 3651 1283 3654 '

161 3724 314 3782 memoriis
349 3723 508 3780 meruere
542 3717 581 3778 ab
616 3719 663 3778 Io.
686 3719 788 3780 Heus.
809 3719 923 3780 Bromi.
961 3721 1050 3782 Pers.
1070 3723 1101 3782 Ι.
1137 3723 1234 3802 (cont.

163 3803 291 3882 Paucg„
319 3801 463 3877 Archia„
493 3804 530 3862 de
551 3803 642 3878 Pace,
672 3802 833 3880 Trapezit.)
864 3802 1092 3866 (inchoem-⁹11.
1129 3811 1160 3866 in
1179 3831 1236 3884 qua

163 3891 287 3949 editione
308 3909 382 3964 qrnae
401 3890 496 3960 ipsum
516 3886 665 3946 Bremium
685 3899 834 3954 struerem
850 3887 953 3948 hebent
972 3890 1040 3948 talia
1059 3901 1145 3968 arsut,
1165 3915 1236 3970 que-

162 3976 202 4034 lis
223 3995 242 4034 ιι
260 3977 324 4034 viro
345 3973 382 4032 de
403 3973 486 4032 benis
505 3973 600 4032 literis
620 3973 806 4034 meritissimo
827 3976 988 4048 exspectari
1009 3984 1149 4050 poterant.

585 4179 785 4195 m
