2982 4992
226 447 303 494 xm
454 427 662 490 srofluu
704 427 1065 492 DISSERTATIO.

226 617 362 676 adversus
383 613 540 693 Olynthios
561 625 692 690 suscepta
713 614 809 680 iurent.
852 613 1058 675 Receusionem
1081 615 1226 692 duplicem
1247 637 1298 675 nc·

227 703 378 760 cessariam
400 721 463 759 esso
484 711 587 777 negat,
628 711 657 759 et
678 702 764 758 rerba
794 694 852 778 ἤδη
871 693 907 771 ’ἐξ
928 695 979 779 ἔτη
1007 701 1042 760 dc
1071 702 1210 760 industria
1240 721 1297 760 nou

227 797 333 844 mutata
353 787 535 860 remansisse,
557 805 645 860 ‹urrrm
668 787 826 844 oratoribus
846 806 883 844 ex
897 787 959 859 ipsa
974 785 1107 845 Isocratis
1129 783 1295 866 (l’onotheu.

227 894 256 948 p.
279 878 339 931 269
353 891 379 928 α.
401 867 517 944 Steplr.)
547 872 682 928 sententia
704 881 732 928 ct
754 870 791 928 ad
813 869 941 929 ciusdem
963 873 1127 945 exemplum
1148 873 1233 930 liceat
1252 873 1296 928 iu-

228 957 338 1014 terdum
357 974 373 1012 a
394 953 452 1012 fide
474 965 502 1013 et
523 956 640 1014 veritate
659 955 794 1013 historica
815 955 966 1032 recedere,
1005 978 1089 1032 (uram
1111 955 1198 1014 iidem
1219 967 1297 1014 teuto

226 1041 338 1099 facilius
370 1039 405 1096 ab
433 1039 485 1096 illo
512 1041 621 1116 neglig-i
653 1041 783 1114 potuisse
814 1049 929 1115 censet,
972 1053 1074 1116 tracanto
1102 1043 1194 1100 maior
1211 1042 1300 1099 luerit

226 1123 449 1183 Atheniensium
478 1125 563 1200 longe
593 1125 648 1182 alia
677 1129 834 1182 curantium
855 1125 968 1184 levitas.
1013 1119 1073 1202 At,
1105 1129 1217 1184 etiamsi
1234 1123 1297 1184 lso-

227 1219 318 1268 crates
340 1209 437 1267 decem
459 1208 595 1267 sotadeo
614 1209 711 1282 plures
736 1229 824 1268 aranos
853 1211 1018 1268 insumserit
1038 1207 1216 1286 Panegyrico
1238 1211 1297 1269 ela-
1334 1240 1338 1244 ·

226 1293 368 1368 limando,
408 1303 502 1350 tomen
523 1314 558 1352 eo
578 1313 669 1366 risque
690 1293 848 1353 dementiae
867 1293 962 1352 delabi
981 1315 1037 1354 uon
1058 1297 1150 1368 potuit
1172 1306 1204 1354 ut
1223 1315 1296 1370 quiae

226 1381 257 1436 iu
276 1379 333 1437 flue
353 1377 440 1436 hrrius
459 1378 587 1436 decennii
615 1380 723 1452 pariter
753 1388 837 1452 atque
859 1399 931 1452 quae
949 1381 979 1436 in
998 1379 1077 1438 initio
1098 1389 1179 1454 gesta
1201 1390 1297 1438 esseut

226 1473 360 1537 tauquam
390 1463 549 1536 praesentia
577 1466 771 1538 coniungeret.
814 1461 873 1521 Fac
902 1484 954 1538 per
983 1463 1081 1537 plures
1109 1481 1199 1522 annos
1230 1483 1297 1520 eum

226 1568 357 1624 maguam
377 1543 462 1604 hrrius
483 1549 618 1604 orationis
639 1559 766 1622 partem,
797 1548 929 1606 fortassis
950 1567 967 1606 a
988 1569 1012 1606 c.
1034 1552 1103 1605 4-
1118 1555 1168 1607 30.
1191 1567 1296 1622 perpo-

225 1633 344 1706 livisse,
385 1641 479 1690 tamen
508 1634 582 1689 sumi
610 1633 694 1690 nullo
722 1633 807 1691 modo
836 1643 930 1708 potest
952 1653 1017 1691 eum
1038 1635 1167 1706 quamvis
1188 1634 1296 1692 interea
1347 1645 1354 1656 '

227 1739 259 1777 se
280 1717 447 1775 subiecisset
467 1713 631 1791 Euagorae,
653 1738 709 1774 uou
731 1728 836 1776 mutata
858 1717 1009 1792 reliquisse
1029 1718 1116 1775 verba
1139 1713 1210 1775 ἀλλ’
1233 1710 1294 1795 ἤδη

223 1796 259 1872 ’ἓξ
280 1795 330 1877 ἔτη
354 1797 563 1881 docrinarum·
603 1799 630 1858 ei
651 1797 684 1859 de*
708 1800 756 1860 ὁέἴ
772 1795 980 1878 cristallum
1009 1806 1073 1870 τοῖς
1092 1799 1297 1881 γεγενημένοις

225 1883 453 1964 τεκμαίρεσθαι,
480 1879 557 1943 πολὺ
579 1883 687 1944 πλείων
710 1885 793 1956 ἐλπίς
811 1885 892 1946 ἔστιν
913 1883 1014 1965 ἕτερον
1035 1882 1203 1964 ἀποστῆναι
1225 1885 1295 1967 πρὶν

226 1968 336 2030 ἓκιῖνοι
357 1967 641 2048 ἐκπολιορκηθῆναι.
686 1970 825 2050 eramris
851 1974 927 2032 enim
955 1973 985 2028 in
1015 1972 1101 2029 rebus
1129 1973 1296 2048 antiquiori·

115 2105 126 2135 ι,
225 2056 279 2115 bns
300 2064 394 2114 orator
414 2073 472 2112 uon
501 2054 653 2114 adstrictus
676 2068 721 2114 est
742 2057 778 2115 ad
798 2056 887 2114 fidem
907 2054 1088 2134 historicam,
1121 2067 1216 2116 tameo
1238 2067 1307 2116 tam

224 2142 298 2198 miro
327 2139 413 2196 modo
445 2137 481 2197 de
506 2139 593 2196 rebus
620 2145 717 2214 paucis
747 2144 828 2201 aunis
859 2152 941 2200 antea
970 2143 1060 2216 gestis
1093 2163 1177 2216 quam
1198 2142 1309 2201 ederet·

123 2223 125 2228 ’
224 2223 298 2282 hanc
319 2225 480 2282 suasionem
503 2220 577 2292 (Cic.
597 2222 652 2283 Or.
675 2247 700 2284 c.
718 2225 775 2300 ΙΙ.)
797 2247 853 2284 uon
874 2227 966 2299 potuit
987 2223 1171 2302 hallucinari,
1196 2237 1227 2286 ut
1247 2247 1294 2285 ar-

224 2309 366 2385 gumreutis
392 2309 429 2366 iis
456 2318 584 2368 uteretur
614 2332 689 2384 quae
717 2315 774 2370 iarn
806 2311 915 2370 dudum
945 2313 1125 2372 evanuissent
1152 2321 1237 2387 utque
1258 2309 1294 2370 ed
1332 2373 1340 2388 ‚

223 2392 345 2453 nihilum
365 2393 478 2452 redacta
499 2404 606 2452 esseut.

656 2535 857 2544 -n-——o-——n-

308 2658 382 2720 Cum
403 2658 531 2736 Spolmio
560 2664 698 2721 consentit
727 2667 775 2738 qrri
804 2666 866 2723 eius
895 2665 1123 2724 dissertationem
1143 2683 1200 2722 nou
1221 2663 1294 2723 vidit

223 2743 374 2806 Glintonus
394 2749 424 2804 in
446 2747 528 2805 fastis
542 2746 701 2807 Helleuicis
723 2749 758 2806 ad
778 2769 882 2808 anuum
898 2758 969 2810 380.
989 2748 1031 2810 Α.
1048 2748 1082 2808 (l.
1100 2747 1151 2807 01.
1171 2756 1243 2822 100,
1263 2755 1291 2806 1.

222 2833 271 2892 ubi
291 2831 362 2890 hacc
383 2833 532 2907 ascripsit:
572 2830 734 2908 „isocratis
757 2828 988 2915 Πανηγυρικός,
1028 2833 1098 2892 dura
1118 2831 1222 2892 Phlius
1242 2831 1292 2893 ob-

221 2915 335 2976 sidetur·
358 2915 481 2977 necdum
506 2919 600 2996 finito
633 2915 771 2994 Olynthio
807 2917 880 2980 bollo
918 2935 1004 3000 atque
1038 2934 1108 2978 oute
1135 2917 1293 2977 Godmcam

221 3015 435 3076 commoratam.
478 2999 584 3078 Peneg.
608 3023 634 3060 c.
658 3007 709 3062 35.
753 3003 854 3078 ltaque
877 3004 947 3064 haec
979 3006 1067 3064 oratio
1087 3005 1228 3078 prrblicata
1249 3013 1294 3062 est

222 3097 287 3146 ante
309 3091 381 3144 379.
405 3097 434 3144 et
456 3096 521 3160 post
541 3089 654 3144 initium
674 3090 738 3144 anui
760 3081 857 3148 38οζιι
880 3087 985 3148 Confer
1001 3089 1166 3149 condomio
1187 3109 1293 3164 appen-

222 3172 294 3232 dicis
314 3172 404 3248 capite
425 3167 500 3230 ΧΠ.
521 3169 558 3230 de
579 3171 655 3230 bello
679 3167 794 3259 cypiro,
811 3174 1011 3250 disputantem.
