2982 4992
406 381 463 474 nn
484 406 684 474 cannono
705 406 974 474 ιιιιταιιιιοι.
1017 471 1019 478 ,
1121 427 1235 481 mv

160 597 234 674 hoc,
255 597 331 673 quod
352 602 411 674 agit
432 599 468 658 de
485 599 566 659 bello
587 609 685 659 contra
704 597 895 674 Nectenebin,
917 597 1036 660 ducibus
1058 594 1183 660 Persicis
1203 611 1234 661 et

161 693 278 758 eventu,
305 685 490 743 resecandum
510 685 659 744 videtun'a
681 683 876 762 Panegyrico:
909 685 949 742 ita
970 686 1046 743 enim
1063 685 1235 760 relinquitur

160 768 281 828 deiectio
304 770 353 826 vei
373 767 534 845 Nepherei,
556 769 606 828 vel
625 768 782 846 Acoridis,
806 769 857 827 illa
859 769 1021 844 antiquior
1041 767 1232 847 Panegyrico,

159 851 229 912 hacc
250 854 395 927 aequalis:
425 875 490 914 esse
511 875 580 913 vero
600 865 748 929 utramque
769 833 1002 930 intelligendam,
1033 854 1099 912 inde
1117 855 1151 912 fit
1171 875 1233 915 cre-

160 939 250 996 dibile
280 938 358 1011 quod
385 939 461 1012 apud
491 937 646 998 Isocratem
665 939 737 998 haec
764 940 911 1014 leguntur.
937 935 983 996 ’ίτ
1011 935 1233 1016 διαπέπρακται

46 1053 53 1068 1
160 1018 237 1102 πρὸς
258 1017 331 1090 τούς
352 1015 477 1122 ἴχιιντας
498 1017 609 1100 αὐτήν,
631 1023 686 1082 hoc
704 1033 766 1099 est,
786 1033 883 1082 contra
903 1023 974 1081 duos
995 1043 1097 1100 reges,
1119 1024 1232 1084 diverso

160 1117 290 1179 tempore
305 1106 455 1179 imperium
471 1107 639 1167 obtinentes.
672 1067 796 1184 Accedit
808 1107 897 1183 eliud,
922 1107 998 1182 quod
1012 1107 1233 1168 additamentum

160 1193 227 1250 eiicr
218 1189 333 1248 iubet.
377 1181 548 1275 Quomodo,
583 1194 609 1252 si
629 1191 676 1252 hic
697 1179 833 1252 debello
855 1189 1145 1252 contraNectanebin
1166 1211 1233 1271 age-

160 1284 259 1350 retur,
281 1276 422 1349 potuisset
442 1271 584 1338 Isocrates
605 1279 746 1338 scribere:
769 1271 861 1336 Μετὰ
882 1277 979 1336 ταῦτα
999 1272 1046 1335 ἐπ’
1072 1273 1233 1357 Εὐαγόραν

160 1355 363 1436 στρατεύσας,
397 1381 486 1434 quum
504 1362 613 1420 belhan
633 1361 822 1438 Euagorae
812 1383 870 1420 ram
891 1373 973 1420 antea
994 1361 1152 1421 confectum
1171 1364 1233 1423 fue·

160 1448 220 1504 rirt
262 1443 449 1506 Econtrario
469 1444 541 1506 haec
562 1449 635 1506 bene
664 1447 835 1522 cohaerent,
865 1449 892 1506 si
913 1443 1111 1526 πρῶτονμὲν
1132 1448 1170 1506 ad
1191 1449 1233 1508 al·

159 1539 296 1589 terutram
323 1532 452 1604 priorum
483 1533 693 1607 defectionum,
733 1533 782 1591 vel
802 1543 951 1605 utramque
982 1531 1054 1588 adeo
1075 1532 1233 1592 referetur:

159 1617 198 1674 ita
220 1617 297 1674 enim
325 1611 403 1691 μετὰ
431 1619 529 1677 ταῦτα
553 1617 701 1694 significet
727 1637 807 1691 rem,
844 1637 917 1690 quae
937 1615 1064 1690 profecto
1085 1625 1150 1690 post
1168 1617 1233 1677 illas

161 1700 333 1760 deiectiones
356 1701 475 1774 accidit,
508 1702 539 1760 id
560 1702 636 1778 qraod
666 1703 702 1760 de
723 1699 874 1776 Nephereo
901 1701 1081 1774 exploratum
1102 1711 1164 1776 eat,
1196 1699 1233 1760 do

160 1785 289 1844 Acorida
309 1785 530 1862 hincapparet,
571 1783 647 1862 prod
668 1785 831 1863 Euagoram
848 1789 878 1844 in
899 1787 988 1846 initiis
1009 1783 1081 1842 belli
1102 1795 1131 1844 et
1151 1784 1235 1844 moli·

158 1873 238 1927 tione
267 1870 395 1944 adiuvit,
434 1871 556 1946 ideoque
584 1883 650 1930 oute
680 1873 776 1946 ipsum
806 1871 916 1930 bellum
947 1869 1067 1928 descivit
1086 1889 1103 1928 a
1124 1867 1233 1930 Persis.

158 1951 260 2026 Atque
281 1957 323 2012 sic
343 1953 578 2014 Isocrotrcum
547 1977 564 2014 τ
597 1953 818 2036 διαπέπρακται
840 1975 975 2031 magnum
991 1962 1162 2013 contemtum
1183 1975 1235 2012 ex·

159 2039 276 2111 primit,
299 2042 431 2112 quoniam
452 2039 596 2114 expeditio
610 2039 765 2100 Persarum
783 2050 880 2098 contra
901 2039 1059 2146 defectores
1080 2058 1117 2097 ne
1137 2057 1235 2098 susce·

159 2133 207 2196 pta
228 2121 345 2196 qrridem
369 2134 424 2182 est.

246 2205 280 2264 Si
302 2208 348 2264 cui
368 2208 474 2266 forte'
464 2227 494 2265 m
515 2215 640 2265 mentem
659 2209 756 2265 veniat
776 2208 904 2281 opinari,
930 2205 975 2263 bis
995 2207 1123 2278 potuisse
1144 2202 1237 2264 Pane·
1304 2241 1307 2246 ·
1398 2283 1403 2292 ὁ

160 2293 293 2368 gyricum
314 2293 435 2366 abipso
457 2290 584 2350 lsocrate
611 2290 677 2366 edi,
717 2309 750 2348 ac
778 2291 930 2364 posteriori
960 2290 1119 2347 recensioni
1140 2288 1236 2366 adiici,

160 2396 233 2450 mone
251 2385 317 2450 post
337 2378 462 2450 priorem
484 2377 639 2434 editionem
660 2377 736 2433 sacta
757 2384 871 2434 essent.
901 2373 928 2432 is
949 2373 1103 2448 diligenter
1122 2375 1236 2449 cogitet,

164 2463 246 2537 argui
266 2455 321 2519 hoc
341 2461 427 2520 modo
448 2459 604 2520 Isocratem
626 2457 801 2519 incredibilis
828 2459 1036 2534 negligentiae,
1074 2459 1143 2533 qui,
1172 2477 1237 2518 cnm

163 2548 300 2621 temporis
322 2547 413 2620 spatia
432 2547 572 2606 voluisset
590 2544 764 2622 extendere,
804 2563 822 2602 e
852 2545 942 2618 priori
969 2543 1093 2602 editione
1122 2535 1182 2621 η’ὃη
1201 2536 1237 2613 ἒξ

161 2626 213 2708 ἔτη
236 2633 375 2710 cervaru,
397 2633 479 2708 qccosi
500 2651 557 2690 ιιιιιι
577 2631 745 2706 protulisset
765 2631 902 2705 temporis
923 2627 1015 2706 fines,
1047 2637 1077 2688 et
1096 2649 1146 2691 rea
1167 2647 1239 2688 con·

161 2717 277 2778 fuderit.
