2982 4992
385 420 997 510 sronnunrssnnrnsro.
1099 433 1243 493 xxxvu

164 605 344 691 Αἰγύπτου,
372 641 420 656 -
452 602 530 686 μετὰ
571 605 605 667 dd
636 606 734 668 ταῦτα
765 601 817 668 ἐπ’
849 601 1010 690 Εὐαγόραν
1040 603 1238 690 στρατεύσας,

163 698 351 757 deiectionem
364 693 495 772 Aegypti
517 703 717 768 et'seqnutam
738 694 949 768 expeditionem
964 691 1140 755 Artaxerxis
1161 699 1239 772 prio·

161 803 224 844 rem
252 802 317 842 esse
344 781 420 840 hello
455 779 593 840 adversas
620 777 794 884 Euagoram.
853 777 963 839 Εαιλειιι
993 782 1070 840 serie
1073 778 1238 843 lacerates

161 889 188 927 e.
208 874 261 927 13.
285 888 340 926 ουκ
361 860 554 944 Αἴγυπτοςρ
555 861 598 924 ιέν
620 860 715 924 αὐτοῦ
737 861 787 922 καὶ
810 857 978 964 Kdnpoe'
959 861 1125 966 αφέστηκε,
1159 867 1237 926 Ooo-

161 950 228 1031 νίκη
253 948 286 1010 δι’
309 949 360 1009 καὶ
382 948 545 1028 Συρία-
565 942 730 1009 ἀνάστατοι
750 942 905 1048 γεγόνασι,
930 943 1156 1050 Τνροξιλ’-
1175 943 1235 1012 ὕπὸ

161 1038 224 1100 τῶν
241 1032 378 1114 ἐχθρῶν
386 1033 447 1091 τῶν
468 1030 580 1092 ἐκείνου
608 1033 822 1110 notationem,-
859 1025 1102 1110 ‘Bantouraroi'
1127 1026 1237 1094 ὅΚα

163 1119 232 1202 plac
254 1116 305 1180 tut
302 1117 445 1192 σταθμος
465 1117 535 1196 epp
522 1115 578 1192 μὲν
600 1111 730 1200 ἀληθείᾳ
754 1114 849 1178 πολαν
865 1112 924 1196 ἤδη
937 1111 1052 1197 χρόνον
1061 1114 1248 1199 optetque·

163 1209 337 1280 (postquam
366 1201 476 1260 hellam
501 1204 645 1276 inceperet
665 1201 830 1278 Erragoras,
865 1203 937 1261 clam
959 1223 1025 1262 eum
1046 1203 1155 1263 adiurit
1169 1203 1238 1266 He·

162 1299 323 1350 carmanos:
353 1285 444 1348 Diod.
466 1283 531 1346 flio.
551 1285 668 1347 XV.2
651 1291 713 1360 λι)
746 1288 823 1346 unde
852 1287 946 1348 elucet
965 1297 1078 1349 servato
1099 1292 1238 1366 temporis

162 1373 300 1434 ordine
291 1395 321 1431 m
350 1373 445 1446 priore
472 1371 537 1430 loco
567 1370 722 1430 Isocratem
750 1371 861 1432 dixisse
890 1369 940 1430 uui
968 1373 1089 1448 πρῶτον
1115 1371 1172 1450 μὲν
1195 1410 1234 1421 -

160 1453 237 1536 μετὰ
257 1455 291 1517 δι’
311 1459 426 1530 ταῦτα,
452 1465 481 1518 et
502 1457 588 1516 aliam
601 1456 840 1534 expeditionem,
871 1477 946 1532 qnae
964 1459 1117 1518 λιίοιιιιίιιιιι
1135 1461 1237 1536 exple·

159 1545 251 1620 verit,
288 1564 347 1602 nou
368 1545 453 1601 istam
484 1563 542 1599 ιιιιο
572 1541 682 1600 finitam
703 1562 794 1616 aurio,
833 1544 864 1600 in
884 1552 978 1600 mente
1000 1539 1144 1604 habasisse.
1187 1543 1236 1604 De

159 1648 214 1704 maa
235 1629 261 1686 si
280 1630 460 1687 coniecturae
481 1626 565 1684 datur
586 1625 688 1701 locus,
715 1625 830 1685 videtur
850 1647 904 1685 rex
924 1625 1078 1686 Persarum
1099 1629 1236 1689 adversus

158 1711 341 1788 Nephereum
371 1723 420 1770 aut
441 1709 599 1769 Acoridem
625 1710 838 1786 expeditionem
864 1713 1026 1785 suscepisse
1055 1731 1141 1787 quam
1161 1713 1236 1772 Dio·

161 1797 275 1857 dorus
280 1817 338 1855 nou
366 1798 638 1854 commemoraverit.
690 1794 773 1857 Haec
802 1797 891 1871 igitur
923 1807 988 1854 ante
1025 1791 1235 1878 expeditionem

161 1881 337 1940 Artaxerxis
355 1890 453 1938 contra
472 1877 635 1956 Euagoram
657 1892 849 1956 evenerant,
863 1899 916 1940 nec
937 1891 1059 1956 possamt
1079 1873 1236 1960 Olympia·

161 1966 207 2025 dis
229 1962 279 2024 cl.
301 1983 375 2024 armo
395 1967 480 2024 tertio
505 1965 654 2040 assignari.

265 2048 327 2108 Iam
363 2049 400 2107 de
429 2047 580 2124 Amynta,
621 2045 789 2125 Olynthiis,
831 2031 967 2108 Phliasiis
1004 2059 1036 2108 et
1071 2059 1233 2124 expugnata

160 2133 285 2195 Cadmea
304 2131 462 2192 videamus.
507 2125 692 2208 Olympiadis
705 2130 852 2192 XCVIII.
874 2153 948 2192 anuo
969 2144 1071 2208 ‹paarto
1088 2133 1234 2194 Lacedae·

159 2222 249 2280 monii
268 2217 443 2278 Mantineam
470 2225 684 2290 oppugnarunt,
724 2220 803 2275 cirea
822 2237 875 2291 per
896 2231 1033 2276 aestatem
1053 2219 1166 2276 toniter
1187 2241 1234 2278 re·

159 2308 275 2379 stitere,
311 2302 365 2362 sed
385 2303 439 2362 stab
459 2301 547 2358 linem
566 2303 632 2360 anni
653 2319 686 2359 ae
708 2300 889 2358 dediderunt
899 2299 1153 2376 Lacedaemoniis,
1183 2300 1233 2377 qui

161 2409 211 2449 eos
238 2391 269 2447 in
294 2391 373 2448 vicos
401 2385 495 2445 demto
524 2387 603 2444 abire
630 2388 776 2444 iusseramt
805 2378 988 2467 (διιοκισαν).
1045 2384 1232 2463 Olympiadis

160 2471 278 2534 XCIX.
297 2493 370 2532 anuo
398 2471 543 2532 sectando·
549 2470 769 2530 Lacedaemonii
795 2491 860 2529 cum
879 2468 1010 2549 Amynta
1032 2469 1183 2548 Olynthiis
1204 2485 1234 2532 et

162 2557 298 2618 Phliasiis
326 2559 436 2616 bellum
466 2557 574 2615 inferre
604 2566 774 2631 coepemut3
814 2555 891 2631 quod
920 2558 997 2616 varia
1026 2558 1139 2616 tortum
1169 2579 1233 2618 casm

161 2643 290 2721 Amynta
312 2645 507 2702 continuarunt
524 2661 617 2716 iisqne
637 2641 674 2700 ad
694 2641 781 2698 finem
802 2643 868 2700 anni
887 2643 981 2715 primi.
995 2639 1180 2720 Olympiadis
1196 2640 1232 2717 G,

161 2748 218 2806 quio
241 2725 376 2805 Olynthii
397 2745 430 2785 se
450 2725 684 2784 Lacedaemoniis
705 2725 911 2784 srabruiseuant:
933 2725 1055 2786 Diodor.
1079 2724 1140 2784 Sic.
1155 2725 1232 2786 XV.

161 2835 185 2872 c.
208 2819 245 2873 19
258 2847 293 2856 -
309 2819 360 2871 23.
417 2809 477 2870 Res
505 2809 697 2869 Phliasiorum
733 2829 790 2866 non
819 2820 852 2866 ut
883 2831 900 2868 e
928 2809 1059 2871 Diodoro
1080 2808 1156 2868 XV.
1182 2818 1231 2870 19.

159 2899 251 2956 rideri
272 2899 364 2970 possit
383 2893 504 2972 Olyrnp.
526 2893 644 2953 XGlX.
667 2913 741 2952 antro
761 2893 904 2967 secundo,
931 2895 983 2952 sed
1003 2905 1068 2968 post
1088 2891 1233 2968 Agesipo-

160 2983 228 3042 lidia
253 2982 388 3040 adversus
418 2977 577 3056 Olynthios
606 2978 833 3054 expeditionem,
866 2975 897 3036 h.
921 2999 947 3037 e.
966 2990 1038 3053 ‘post
1059 2977 1146 3038 linem
1161 2981 1232 3038 auni

160 3069 253 3144 quarti
274 3066 402 3126 eiusdem
424 3063 631 3142 Olympiadis,
661 3065 833 3136 compositas
854 3079 919 3122 esse
939 3065 996 3122 iam
1016 3061 1234 3140 Wesseliugius

161 3163 190 3212 et
210 3151 386 3211 Dodwellus
418 3149 583 3208 docuemut.
626 3146 780 3206 Cadmeam
809 3167 879 3206 vero
908 3146 1107 3208 Thebanorum
1139 3169 1233 3207 arcem

162 3238 234 3296 duce
256 3235 400 3294 Phoebida
421 3231 643 3292 Lacedaemonii
674 3243 846 3306 ocurpaurut
875 3253 947 3290 auno
976 3236 1059 3292 tertio
1079 3231 1234 3308 Olympia-

162 3323 207 3382 dis
227 3319 360 3380 XCIX:
353 3319 505 3377 ·Diodor.
528 3316 587 3376 Sic.
610 3315 685 3376 XV.
707 3323 758 3376 20.

247 3405 347 3464 Restat
366 3413 399 3462 nt
420 3403 457 3462 de
480 3403 558 3460 bello
578 3399 728 3478 Euagorae
758 3400 971 3461 dicatur.1)e
993 3399 1104 3474 quoad
1126 3398 1234 3476 Olym·

162 3490 255 3594 ρίοᾱίσ
275 3485 421 3548 XCVIII.
451 3505 555 3545 arrarum
583 3497 714 3559 qarartum
743 3487 784 3545 ita
814 3488 912 3547 scribit
936 3485 1083 3544 Diodorus
1102 3481 1179 3543 XV.
1203 3491 1235 3544 9.

164 3597 181 3636 ο
201 3571 266 3680 pia
280 3590 339 3632 ουν
357 3566 535 3672 Κυπριακὸς
556 3563 704 3646 πόλεμος,
745 3566 887 3646 δεκαετὴς
915 3566 1024 3645 σχεδὸν
1044 3589 1088 3647 yep
1088 3587 1157 3646 ’ρενη
1145 3565 1236 3642 μένος

162 3657 214 3718 καλ
235 3653 271 3717 τὸ
293 3653 382 3715 πλέον
403 3657 458 3715 τοῦ
463 3649 590 3756 ‘godeau
613 3653 679 3733 περλ
700 3650 895 3734 παρασκευὰς
916 3650 1120 3730 ἀσχοληθείς,
1153 3650 1234 3728 διετῆ

158 3736 273 3845 χρόνον
293 3737 347 3801 τὸν
368 3738 415 3799 tat
436 3741 510 3800 πᾶσι
532 3739 666 3816 συνεχοῦς
686 3741 758 3798 πολε
758 3737 888 3816 μ,ηθε1ς
918 3738 1028 3798 τοῦτον
1048 3733 1102 3796 τὸν
1123 3730 1236 3812 τρόπον

163 3820 329 3903 κατελυθη.
352 3826 455 3900 quibua
475 3833 635 3900 repugnant
654 3844 728 3898 qrme
747 3819 919 3882 libriXIV.
942 3825 1033 3896 eapite
1049 3830 1101 3880 98.
1121 3822 1236 3880 tradun-
1316 3823 1323 3832 “

164 3913 230 3990 λιιι,
267 3913 318 3972 ubi
344 3912 427 3970 initia
453 3907 539 3968 huius
567 3909 637 3968 belli
660 3905 845 3986 Olympiadis
866 3905 997 3968 XCVII.
1020 3927 1092 3965 οιιιιο
1113 3907 1238 3966 secundo

166 4001 261 4074 assign
264 4007 309 4056 at:
347 3995 403 4054 hoc
429 3993 515 4054 modo
542 3995 632 4069 igion
653 4004 719 4068 post
746 3993 863 4067 decem,
894 3994 946 4050 illo
972 4002 1039 4066 post
1066 4011 1120 4050 aex
1148 4009 1237 4050 manos

166 4081 273 4140 bellum
293 4080 407 4138 unnim
427 4097 493 4138 esse
515 4078 593 4136 dicit.
637 4075 689 4136 Ad
709 4076 784 4136 hunc
804 4079 899 4135 locum
912 4074 1149 4152 Wesseliugiua:
1182 4083 1238 4147 „at

118 4170 121 4174 ’
168 4164 259 4226 Isocr.
275 4164 419 4242 Panegyr.
442 4185 471 4240 p.
488 4167 561 4222 101.
585 4165 624 4235 (ο.
643 4164 709 4235 39.)
731 4172 845 4221 sextmn
865 4163 926 4220 eius
947 4163 1017 4219 belli
1037 4181 1153 4230 anniam,
1175 4177 1240 4216 urm

168 4253 325 4310 orationem
353 4267 416 4308 eam
450 4249 605 4323 scriberet,
640 4249 733 4322 verti,
767 4248 880 4322 iamqam
906 4245 1067 4322 Eiragoram
1098 4242 1241 4300 maritimo

168 4337 323 4394 certamine
343 4343 507 4410 superatam
536 4333 623 4392 nehus
642 4331 772 4410 anguem
793 4349 859 4391 esse
879 4330 1038 4407 siguificat:
1075 4326 1122 4385 cni
1140 4325 1240 4386 eadem
