2982 4992
127 683 150 713 N

460 381 594 448 οισι
620 381 994 448 νεοκνκτονε.
1122 477 1124 484 ⁴
1161 402 1265 457 mn

332 559 501 672 Δανιγὸς
486 592 504 632 ο
527 561 752 676 πειγιήγιοντα
750 565 942 676 θυγατέρων
961 565 1129 674 πγιτζνγρ.

332 647 492 757 Σιδιόνιόνγ
513 675 579 718 ποτ
614 677 695 719 αστυ
717 647 855 734 Κάδμος
878 650 1028 720 ἐκλιπών.

332 732 492 876 Πέλογγν(
477 763 495 804 ο
523 733 755 815 Ταιτάλειος’
740 737 797 803 επὶ
818 735 951 804 Πίσσαν
968 733 1089 822 μολών.

191 853 335 942 διγλῶν
319 881 355 922 εκ
376 851 500 962 τούτοιν
521 849 567 933 ὡς
588 853 656 932 ότι,
690 852 804 962 ιόιγπερ
833 855 952 961 έκγῖγοι
974 847 1182 962 βάρβαροι”
1162 881 1262 935 οντες,

190 907 345 1016 ἐλθόντες
361 936 413 1046 εἷς
429 941 487 1044 τιγγ
503 935 644 1008 Ἑλλάδα
660 940 816 1021 κατέσχον
813 937 940 1046 αιγτής,
965 938 1051 1044 οἱίτμγ
1071 940 1125 1008 καὶ
1147 941 1263 1028 τέταρ-

188 1023 245 1104 τός
265 1049 315 1102 τις
339 1014 435 1104 οἷντος
456 1019 617 1130 άνειγόνγ
605 1022 769 1130 δεσπότης
740 1029 847 1128 γτής
862 1020 1051 1103 555505‘
1035 1049 1056 1129 γι
1079 1026 1260 1134 Φίλιππος.

189 1109 246 1175 καί
267 1108 331 1212 γὰρ
352 1106 500 1187 Δαναός,
524 1105 766 1256 ΛιγιΠιγττιος“
737 1135 782 1172 ιον
802 1105 988 1216 βάρβαρος,
1027 1104 1047 1220 5
1070 1111 1147 1216 γάρ
1153 1107 1263 1196 Αἴγυ-

191 1219 275 1301 πγος
294 1190 368 1260 τότε
390 1188 456 1259 ὑπὸ
478 1195 554 1272 τοὺς
576 1194 711 1300 Πέρσας
732 1187 786 1300 ἢν
811 1193 937 1298 55555
943 1193 1000 1260 τόν
1022 1171 1206 1302 αδελιγόν,
1207 1196 1264 1262 διὰ

190 1278 247 1384 555
275 1275 540 1386 περιφερόμενον
565 1303 660 1381 γρνγσ
648 1305 727 1362 ιον,
769 1277 877 1345 ελθιίνν
908 1275 954 1356 εἷς
978 1273 1104 1386 ’Ἀργος
1128 1279 1263 1388 κατέσχε

190 1361 318 1431 τούτου.
363 1360 503 1472 πάλγνὸ
510 1362 683 1472 Σγδωνγος
705 1361 781 1431 Κάδ
780 1388 865 1472 ργιος
884 1360 1104 1488 βάρβαρος”
1076 1391 1129 1474 αγν,
1137 1359 1174 1472 5
1195 1367 1263 1470 γὰρ

189 1448 296 1516 Σιδὼν
320 1449 376 1514 καί
404 1444 533 1538 αι’ντνγ
505 1445 571 1516 5555
591 1449 667 1528 τοὺς
689 1451 824 1536 Πέρσας
845 1441 899 1556 55,
924 1449 1104 1555 ἑξελθγὸιι’
1088 1475 1145 1516 επι
1137 1448 1262 1539 ζνγτνγ-

190 1557 242 1643 555
267 1538 326 1622 τῆς
354 1530 471 1601 ἑαυτοῦ
492 1529 643 1642 άδελιγνγς
663 1476 845 1642 Είνράίπνγς,
870 1533 1028 1599 ἐλθών
999 1560 1044 1614 εις
1070 1531 1182 1643 Θήβας
1203 1563 1262 1643 κογ-

188 1619 300 1726 τέσχε
308 1617 441 1724 τιγότοιν
449 1615 611 1728 όργοίιυγ
638 1589 804 1726 Πέλοψι
791 1648 808 1686 ιι
834 1614 1032 1725 Φρύγιος,
1018 1647 1050 1724 5
1064 1619 1100 1685 55
1133 1619 1240 1724 (5155
1225 1646 1262 1686 ια

189 1704 245 1770 καί
261 1699 342 1792 αι’ντνγ
366 1709 425 1791 τῆς
447 1700 561 1784 Ἀσίας
587 1729 644 1812 55,
679 1704 804 1812 55555
812 1703 920 1807 τνγγ
894 1703 1100 1812 ἐπιβουλήν
1093 1703 1203 1770 τοῖνἸ
1168 1647 1261 1771 Ἴλου
1285 1752 1289 1756 -

189 1791 412 1870 πολεμοῦντος
439 1785 541 1895 ογίντοῦ
573 1789 658 1880 πρός
685 1789 742 1856 τόν
768 1786 868 1856 αὑτοῦ
903 1789 1046 1876 πατέρα,
1082 1782 1184 1894 νγλέγεν
1215 1787 1262 1868 εἷς

189 1871 336 1996 1155555,
360 1873 415 1938 καί
441 1871 575 1961 ἱνόιερον
594 1899 668 1958 συγ
634 1873 771 1984 μπάσνγς
789 1847 1083 1983 Πελοποννήσου
1068 1843 1260 1980 εκράτνγιγεν·

189 1956 226 2034 ἐξ
244 1945 283 2021 55
307 1955 363 2021 καὶ
355 1933 639 2062 Πελοπόννησος
662 1957 797 2066 έκλήθιγ.
847 1961 950 2023 ταῦτα
979 1961 1016 2025 δέ
1046 1985 1087 2025 αι
1089 1985 1148 2024 του
1172 1957 1262 2046 5555-

190 2035 286 2148 ιγότος
307 2041 364 2106 καὶ
386 2040 646 2147 τελευτήσαντος,
660 2043 904 2148 θαυμάσαντες
918 2038 1018 2149 ιγῦτοῖν
1039 2042 1069 2109 55
1085 2040 1263 2150 Ἀθνγνγιῖοι

191 2117 230 2212 55
254 2117 320 2206 εἶχε
340 2123 425 2211 πρός
447 2125 505 2228 τνγγ
523 2121 671 2192 πόλιν
642 2123 784 2203 εόνοιαν,
809 2130 862 2216 διγρ
850 2125 954 2230 μογνίμ
969 2128 1161 2236 515'555555·
1180 2127 1262 2194 ἔθα-

190 2175 294 2314 555,
314 2183 380 2275 καί
398 2213 557 2312 Σειρῆνας
587 2209 830 2314 ἐκκολάψαντες
852 2208 907 2313 555
941 2209 1059 2287 λίθου,
1094 2211 1264 2299 ε’πεθτγκαν

190 2290 294 2402 αὖγοῦ
311 2297 359 2382 τῷ
379 2291 548 2401 μνήματι,
564 2294 794 2382 δνγλουντες
759 2321 817 2402 τνγν
843 2317 891 2375 ευρ
894 2293 1022 2360 ιουσίαν
1050 2321 1108 2362 τοο
1093 2249 1260 2384 άνδρός.

189 2378 246 2446 καὶ
266 2405 368 2446 ταυτα
389 2379 451 2463 μὲν
471 2378 628 2468 περὶτοῦ
653 2378 840 2446 θεσπεσίου
861 2317 1011 2470 ῥήτορος.

272 2513 411 2581 Λοιπὸν
433 2513 470 2582 δὲ
487 2519 606 2621 χιγρεῖν
630 2507 735 2604 555²
710 2511 837 2620 ανάγκιγ
854 2509 917 2582 ἐπ’
941 2509 1044 2624 γιῦτάς
1064 2513 1124 2594 τὰς
1145 2512 1262 2604 έξνγγιγ·

191 2621 260 2708 σγις
277 2604 342 2665 τῶν
355 2596 478 2706 γόγιον
491 2595 609 2677 αὐτοῦ,
642 2597 780 2707 πράξας
804 2600 1024 2705 ποιουμένγους
1050 2600 1109 2679 τὰς
1136 2625 1262 2706 γταγραι

190 2685 310 2762 νέσεις·
348 2677 414 2788 555
442 2683 528 2792 γὰρ
532 2685 588 2750 καὶ
613 2685 682 2791 τνγν
698 2681 805 2754 αἰτίαν
825 2681 1079 2791 προειρήκαμεν.
1125 2681 1262 2794 άνάγονγ-

188 2794 244 2836 ται
266 2765 357 2836 δὲι
325 2794 358 2834 αι
378 2768 621 2877 παραινέσεις
618 2765 686 2836 ὑπὸ
713 2769 751 2836 τὸ
776 2775 881 2874 σγμβο
884 2769 1049 2876 υλεγτικὸν
1062 2763 1178 2876 γ’ίιγος,
1206 2769 1262 2874 κγ’-

189 2855 323 2939 κλνγνται
347 2853 384 2918 δέ
412 2878 446 2919 αι
464 2854 691 2959 παραινέσεις
718 2853 842 2956 παρὰ
835 2852 893 2918 τὸν
919 2846 1025 2957 αἶνον,
1060 2851 1079 2919 5
1103 2853 1173 2918 ἐστι
1201 2852 1262 2939 τνγν

190 2935 391 3026 συμβουλήν,
427 2932 472 3016 ὡς
501 2937 555 3002 καί
578 2935 754 3016 Ἡσίοδος·
797 2941 866 3003 νῦν
896 2938 940 3004 δὲ
973 2934 1112 3004 αἰνεῖν
1141 2903 1262 3043 βασγ-

188 3023 329 3089 λεόοι·
370 3018 485 3090 στάσιν
513 3022 550 3088 δὲ
579 3017 638 3130 οόγ
665 3021 889 3130 επιδέγγιντογγ·
926 3016 966 3088 οὐ
988 3021 1052 3130 γὰρ
1072 3020 1184 3129 έχουσι
1203 3021 1262 3088 τὸν

189 3103 406 3213 άνγιλέγοντα.
442 3107 565 3212 καιργις
585 3109 646 3190 μέν
651 3101 740 3232 555,
765 3098 976 3211 5555'55555,
1001 3077 1052 3172 ἐπ’
1072 3103 1181 3211 αυτὰς
1190 3107 1261 3172 λοι-

129 3265 133 3286 Ι
189 3185 254 3259 πόν
273 3195 392 3298 χωρεῖν
411 3195 476 3296 5555
477 3189 659 3296 λόγαγν
622 3217 681 3270 τας
704 3193 736 3260 5
721 3189 880 3280 ξνγγνγσεις
926 3185 1002 3256 ἀλλ’
1026 3185 1181 3299 έπειδγγ’
1162 3216 1260 3296 αναγ

188 3281 283 3344 καῖον
310 3275 377 3382 πρό
404 3271 511 3382 αὐγάν
539 3279 604 3342 τῶν
612 3262 816 3382 ἑξιγγιγοειγν
841 3279 1066 3382 προηγεῖσθαι
1094 3277 1153 3353 τάς
1174 3269 1259 3342 ὓπο-

187 3361 302 3439 θέσεις
322 3359 474 3466 καὶτοὺς
498 3359 643 3438 σκοποὺς
663 3365 728 3426 τῶν
716 3357 860 3466 λόγοιν,
885 3359 1059 3466 δεικγέσγ
1027 3365 1183 3466 πριγτον
1200 3361 1259 3426 τοῦ

188 3435 287 3548 λόγου
318 3445 387 3548 τνγν
404 3439 578 3550 ὑπόθεσιγ.
611 3439 814 3552 Ιππόνικγνς
839 3470 906 3522 τις,
939 3437 984 3522 ὡς
1013 3441 1078 3526 ε”χει
1108 3440 1126 3510 5
1156 3441 1260 3550 πιγλὺς

189 3526 303 3632 λόγος,
336 3525 488 3613 Κόπριος
517 3528 577 3606 μὲν
605 3519 644 3616 55
672 3555 733 3632 τιγι
746 3530 847 3617 γένει,
875 3524 1081 3636 Ἰσοκράτους
1103 3529 1140 3596 δὲ
1162 3525 1260 3632 ιγνγλιγς

188 3617 248 3680 τοῦ
270 3619 450 3718 σοφιυγοῢ·
481 3607 578 3692 οὗτος
597 3591 792 3720 τελγυόήσας
811 3613 998 3718 ’καγέλεαγιε
1028 3607 1201 3718 παῖιγα,
1184 3607 1260 3681 ονό-

187 3723 267 3782 ριατι
281 3695 378 3785 Δνγρ
348 3723 478 3765 ιονικον.
522 3702 637 3764 τοῦτον
654 3693 874 3802 Ἰσοκράτης(
861 3701 947 3800 οριῦγ
966 3693 1112 3802 παῖδγι”
1092 3723 1179 3766 οντα.
1202 3696 1260 3800 κιγὶ

189 3785 315 3890 πολλῖγς
334 3779 524 3866 ε’πιριελειας
541 3779 646 3889 λόγων
666 3780 837 3888 δεόμενον,
868 3778 989 3888 γράγγει
1016 3776 1113 3889 αὖτιγγ
1124 3777 1260 3896 55555·¹

188 3893 266 3976 κγις,
290 3866 383 3946 ὅπως
402 3870 455 3974 γλεῖ
475 3867 545 3978 ζῆν
556 3863 655 3972 αὐτόγ
679 3865 812 3948 διδάξαι
835 3863 1065 3975 βοιγλόμενος·
1085 3865 1199 3976 ιῖίιγπερ
1222 3865 1261 3972 55

188 3945 254 4034 εἶχε
275 3951 383 4058 πρὸς
379 3951 435 4020 τὸν
458 3953 607 4060 πατέρα
611 3945 740 4018 εόνοιαν
743 3951 988 4057 παραπέμψγιι
1011 3951 1067 4018 καί
1087 3951 1183 4040 μέχρι
1200 3955 1260 4018 τοῦ

190 4032 383 4116 παιδός(
359 4063 406 4116 ως
431 4037 487 4104 καὶ
509 4063 543 4103 εν
563 4031 661 4144 γνότή
670 4039 712 4141 55
732 4031 820 4140 άργρνγ
838 4039 898 4101 τοῦ
922 4032 1021 4142 λόγου
1043 4034 1259 4140 προοιμιάζε-

189 4145 254 4227 τιγι.
299 4117 515 4228 σγνριβουλεάει
538 4113 595 4188 οὖν
620 4115 740 4227 αὐτῷ,
759 4117 894 4227 γράψας
915 4115 964 4187 δι
949 4120 1185 4228 έπισιολγγς·
1219 4113 1259 4186 55

124 4282 128 4290 Ι
189 4205 251 4312 γυγρ
275 4203 410 4274 ε’δόνατο
436 4208 638 4316 καγαλεῖγιαι
654 4201 799 4312 Ἀθήνας
824 4204 881 4271 διὰ
901 4205 979 4284 τοὺς
999 4211 1165 4309 μαθνγτας.
1197 4228 1259 4270 τι

190 4290 242 4368 νὲς
267 4291 341 4358 δὲ’
324 4308 529 4380 επιχειρουσι
547 4292 653 4378 λεγειν
674 4289 732 4357 τόν
756 4286 869 4377 λόγον,
899 4287 1059 4375 ἐπιστολή
1079 4285 1164 4374 πρός
1187 4290 1259 4380 Διγ-
