2982 4992
248 405 344 454 mr
544 375 996 446 'ransrst‘lo

247 579 318 637 ctarl
336 585 366 634 et
387 573 518 650 wolteri,
557 581 651 632 temen
679 573 774 636 omis
793 591 811 630 e
830 566 1010 652 Panegyrico
1031 570 1061 630 in
1083 565 1321 634 Ponatlmsiesm

247 683 331 724 maun
352 659 512 732 transtulit,
542 668 573 718 et
594 677 629 716 es
648 655 835 730 fereopttmo
854 655 946 729 dixit,
976 675 1052 731 qnae
1072 653 1108 714 ad
1128 657 1320 730 superiorum,

247 750 277 806 in
297 745 345 806 nis
366 743 519 815 lsociafis,
540 741 758 802 similitudinem
780 741 966 800 informarat?
1009 737 1098 802 Curius
1119 740 1235 814 quidem
1253 761 1319 804 arm

250 829 377 892 leocrate
402 828 574 902 comparetis
602 824 885 900 praemunitum
912 826 1036 888 fructum
1058 824 1186 900 adseret,
1216 838 1249 886 nt
1269 825 1335 889 od·-

247 918 371 976 l'ectatae
389 913 525 972 orations
546 921 576 970 et
594 913 708 986 ineptae
736 911 852 986 saepius
877 911 1043 971 imitationis
1071 911 1140 970 ritis
1161 912 1238 972 elsae
1258 933 1320 973 cer·

248 1019 361 1060 nunus.
404 995 553 1077 Quidquid
573 997 651 1057 enim
675 997 787 1070 priores
809 997 934 1071 graviter
953 995 1128 1073 doaremrrt,
1159 995 1191 1054 id
1210 993 1321 1058 Aristi·

203 1144 210 1156 ,
248 1083 302 1146 des
317 1104 375 1146 nos
394 1085 451 1142 uisi
470 1081 572 1156 polivit
592 1083 775 1154 ouievitque:
808 1079 947 1154 quidquid
966 1081 1010 1140 illi
1025 1101 1095 1140 vere
1114 1091 1271 1156 numum,
1289 1082 1320 1141 id

248 1169 313 1244 tte,
345 1168 414 1228 dnm
433 1165 576 1228 interdum
594 1166 742 1240 pueriliter
760 1164 858 1240 effert,
896 1165 1043 1226 miecio
1063 1165 1160 1226 simile
1180 1166 1319 1226 reddidit:

245 1252 389 1330 quidquid
404 1251 469 1326 illi,
495 1252 570 1312 bona
589 1271 674 1310 causa
695 1251 781 1326 freti,
809 1269 846 1308 se
862 1260 1024 1310 narraturos
1044 1269 1109 1308 esse
1128 1251 1320 1324 ostmdnaut,

247 1340 279 1400 id
299 1338 347 1398 hio
368 1357 458 1413 aeqrte
478 1337 565 1411 longa
585 1335 749 1412 prolusione
773 1334 997 1408 commendauit,
1028 1337 1248 1396 rectractatione
1267 1357 1320 1394 ex·

247 1425 381 1499 plioovit,
412 1430 460 1497 et,
492 1440 529 1480 ne
549 1418 712 1480 dubitarent
741 1417 882 1492 lectores,
913 1437 1017 1496 inopum
1045 1419 1223 1495 selegisse,
1254 1439 1320 1479 ctum

246 1509 396 1584 tractavit,
417 1506 510 1566 denno
530 1503 697 1580 praedicare
717 1522 804 1564 annua
824 1511 880 1562 est.

231 1707 249 1738 ο
332 1675 435 1751 ltaque
455 1674 492 1736 de
512 1673 566 1736 ltso
587 1676 715 1736 oratione
742 1694 843 1733 eornm
863 1693 949 1734 cansa
970 1670 1098 1747 edendo,
1130 1673 1180 1746 qtri
1199 1673 1320 1748 cognitis

247 1781 367 1840 graecae
395 1761 513 1836 lingone
542 1761 633 1818 initiis
658 1759 695 1818 ed
721 1761 844 1819 maiores
870 1760 1023 1832 scriptores
1041 1755 1238 1833 accederent,
1262 1759 1321 1817 iam

248 1859 314 1907 aute
334 1849 433 1922 plnres
454 1865 543 1904 anuos
561 1847 701 1920 cogitari,
731 1863 899 1918 omnemque
921 1863 1037 1917 operatu
1056 1840 1112 1900 hnc
1133 1843 1256 1916 contuli,
1268 1850 1320 1918 ut,

248 1953 322 2009 quae
341 1929 507 1990 reeordarer
524 1928 595 1988 mili
615 1931 666 1988 tali
687 1939 816 2002 tempore
836 1927 971 2002 impedita
989 1927 1098 2002 fuisse,
1136 1927 1320 2002 explicarem,

249 2028 299 2076 ant
326 2036 399 2091 quae
424 2035 479 2074 usit
505 2015 602 2088 aliquo
630 2015 827 2073 observassem
860 2013 943 2071 utilia
973 2012 1010 2071 ad
1036 2012 1163 2086 plurium
1191 2013 1320 2071 loconun

248 2103 441 2176 intellectum,
469 2100 653 2158 illustrarem.
698 2095 759 2156 Sed
776 2099 873 2173 varis,
903 2107 935 2156 nt
953 2096 1006 2169 iit,
1041 2097 1160 2156 consilio
1180 2095 1248 2156 huic
1268 2098 1320 2155 ob·

248 2190 321 2246 iacta
342 2194 417 2244 snut.
460 2180 613 2258 Inprimis
642 2182 791 2242 differendi
819 2182 944 2243 studium
962 2182 1072 2257 dicam,
1112 2201 1148 2239 an
1167 2183 1319 2241 necessita-

249 2282 325 2345 tem,
363 2268 540 2328 confirmavit
574 2268 760 2343 verenmdia,
800 2266 918 2326 honesta
946 2268 998 2325 ills
1027 2269 1057 2324 in
1085 2263 1200 2324 homine
1233 2265 1319 2324 listins

248 2358 348 2415 aetatis
371 2364 400 2413 et
420 2355 548 2430 ingenii,
587 2373 659 2427 qnae
688 2371 720 2411 se
749 2373 901 2426 numquam
930 2351 1015 2410 audet
1041 2353 1110 2410 viris
1140 2351 1230 2410 doctis
1257 2351 1318 2409 sine

248 2443 343 2515 alitpra
365 2440 540 2499 aestimatione
560 2439 707 2510 praebere.
751 2433 825 2494 cun
845 2437 936 2509 entim,
957 2445 1059 2509 qnater
1079 2437 1207 2494 absoluta
1227 2433 1319 2494 Pane·

247 2526 342 2602 gyrici
365 2521 612 2596 interpretatione,
643 2541 728 2596 quarn
757 2521 854 2578 ontids
874 2529 983 2596 gratem
1003 2521 1093 2579 inisse
1113 2522 1221 2596 laetor,
1259 2521 1319 2578 ani·

247 2610 428 2668 madversrnu
445 2603 515 2664 mihi
537 2615 629 2678 esset,
661 2626 718 2678 qno
738 2607 854 2678 saepius
881 2607 1038 2663 orationem
1067 2615 1250 2680 tractassent,
1282 2625 1318 2666 eo

247 2697 341 2752 minus
370 2711 434 2750 eam
463 2690 569 2766 ubique
595 2689 734 2764 intelligi,
770 2709 863 2764 eoque
891 2690 956 2764 plns
984 2688 1185 2748 difficultatum
1205 2691 1317 2750 enasci:

248 2778 393 2850 dubitari,
419 2783 553 2858 remant
574 2785 651 2833 recte
672 2783 833 2848 susceptam
853 2793 871 2831 a
888 2794 952 2849 me,
973 2784 1022 2834 ant
1040 2784 1169 2834 aestuate
1188 2773 1318 2834 effectam

228 2883 326 2934 ¹testae⁸
368 2857 429 2920 Sed
457 2859 535 2934 qnod
562 2860 611 2920 vel
639 2879 729 2933 aequa
760 2855 980 2933 reprehensione
1005 2879 1023 2919 s
1052 2859 1155 2918 inituris
1174 2861 1318 2918 erroribus

247 2949 344 3008 caveri
371 2945 443 3005 milti
469 2964 573 3020 posse,
611 2944 659 3004 rel
678 2942 801 3003 hnmana
830 2942 917 3026 lande
944 2943 1059 3004 incendi
1077 2943 1203 3003 sardium
1222 2966 1319 3004 tneum

247 3034 428 3108 exploratum
447 3028 603 3103 habebam,
631 3031 763 3101 superavi
784 3049 899 3086 omnem
919 3031 1137 3088 ostemationem.
1176 3026 1319 3089 Animad-

246 3119 411 3176 versionem
434 3123 529 3172 sutem
558 3113 780 3170 meantmratio
802 3123 831 3170 et
850 3113 997 3172 consilinm
1009 3113 1064 3172 lroc
1080 3101 1138 3173 est.
1183 3113 1256 3173 (inm
1274 3117 1319 3172 in·

248 3203 349 3262 dicatis
369 3199 511 3272 sontibus,
533 3217 550 3256 e
571 3197 674 3270 qrtibns
693 3198 816 3255 narratio
836 3218 933 3256 rennn
953 3201 1067 3258 nbenm
1082 3197 1191 3258 hauriri
1209 3208 1318 3273 posset,

247 3286 391 3348 strndiosos
411 3283 562 3342 arbitrarer
582 3291 612 3340 et
631 3282 752 3340 fontium
770 3282 977 3342 nactnrtdornm
993 3286 1150 3360 rationem,
1172 3294 1201 3343 et
1220 3303 1318 3342 neces·

248 3373 360 3430 sitstem
382 3379 525 3427 oratorum
546 3386 584 3426 ex
600 3365 719 3425 ltistoria
739 3367 971 3440 explicandorum
992 3370 1153 3444 cognituros
1174 3387 1257 3442 esse,
1287 3369 1319 3426 in

247 3454 302 3515 ltoc
322 3451 596 3513 animadversionum
622 3471 729 3528 genere
756 3451 799 3510 sni
826 3451 1000 3527 diligentior.
1044 3450 1078 3510 si
1104 3453 1209 3510 nimius
1230 3454 1318 3510 inter·

248 3539 316 3601 dnm
336 3538 450 3612 videar,
470 3536 524 3596 hoc
543 3537 631 3596 velim
651 3537 776 3612 cogitent
795 3536 938 3613 lectores,
967 3558 1024 3596 non
1043 3537 1134 3596 doctis
1154 3535 1317 3596 hominibus

248 3643 335 3685 amo
354 3625 489 3698 scriptum
511 3641 593 3698 esse;
623 3642 744 3696 quanm
764 3619 936 3696 emolitioui,
958 3621 1035 3696 qnod
1057 3641 1143 3696 saepe
1164 3621 1317 3682 dicendum

247 3719 312 3783 est,
337 3727 392 3770 uec
411 3717 489 3768 setas
508 3726 590 3782 mea,
619 3725 673 3766 nec
692 3707 847 3782 ingenium.
860 3705 920 3765 ullo
940 3705 1027 3766 modo
1047 3707 1185 3780 prodesse
1205 3714 1316 3780 potest3

248 3793 301 3855 sed
320 3795 376 3868 iis,
400 3794 450 3870 qni
470 3811 528 3852 non
548 3793 643 3851 omnis
661 3801 810 3865 perspecta
829 3788 976 3850 heberent.
1018 3788 1114 3850 Multo
1133 3792 1247 3866 parcius
1266 3788 1317 3848 ad-

247 3880 340 3954 spersi
369 3878 567 3953 grmnmstieas
603 3877 873 3952 interpretationes,
908 3884 938 3934 at
965 3875 1002 3935 de
1037 3877 1134 3935 uerbis
1168 3875 1317 3932 universes

247 3964 469 4042 disputationes:
503 3963 628 4036 primone
655 3957 731 4034 qnod
751 3956 934 4019 Isocraticnm
954 3960 1065 4020 dicendi
1085 3979 1176 4037 genus
1196 3958 1316 4034 expedi·

246 4061 307 4109 turn
329 4057 389 4120 est,
426 4045 529 4104 deiude
550 4043 626 4120 qtrod
647 4046 709 4102 sine
728 4045 821 4102 multo
840 4044 938 4104 labere
959 4047 988 4104 in
1009 4046 1220 4104 commentariis
1240 4045 1317 4103 viro·

246 4155 309 4194 rum
330 4128 494 4206 doctomn,
525 4130 628 4204 quibus
649 4129 786 4188 illustrati
808 4139 875 4188 snut
895 4131 1048 4204 scriptores
1067 4132 1179 4206 graeei
1218 4128 1316 4204 quaeri

246 4228 381 4292 possunt,
418 4233 491 4292 quine
509 4215 540 4272 in
560 4210 635 4281 lutnc
656 4233 740 4272 ersom
767 4213 1051 4290 saepissimam,
1088 4217 1229 4290 repetita,
1255 4231 1317 4271 cor·

246 4314 340 4375 reeta,
376 4311 456 4359 arina
477 4307 559 4360 sunt:
597 4299 767 4374 praesertim
787 4317 853 4358 nrm
879 4297 950 4360 lraee
980 4299 1118 4375 colligere
1145 4298 1259 4358 facilius
1279 4297 1318 4355 sit
