2982 4992
230 413 318 464 xuv
500 391 633 456 ΒΙΟΣ
659 391 869 458 ΙΣΟΚΡΑ
881 393 1025 458 ΤΟΥΣ.
1082 391 1085 394 ’

231 600 304 647 σεν·
336 575 439 690 ἐφησε
461 573 543 663 γάρ·
575 571 823 643 συναπόλλυταί
850 601 904 644 σοι
932 573 1115 685 5055515
1144 581 1303 688 διδασκα-

231 661 305 740 λία,
339 664 422 730 ώστε
455 663 518 744 ζῶν
545 657 697 768 πλέοη”
675 686 724 728 ετι
744 685 776 726 τι
776 665 858 748 μᾷς,
882 663 1024 728 ἐνδεικνυ
1024 689 1122 748 μενος
1143 665 1202 729 τόν
1223 665 1304 754 ἐμην

166 793 171 802 -
230 747 455 818 διδασκαλίαν.
508 745 564 812 καὶ
602 743 687 812 οἱιτω
725 733 881 824 πεισθείς
919 689 1080 814 άπελύιδν
1121 749 1168 814 ἐδι
1166 734 1301 816 δασκεν.

230 831 353 944 ἐγραφε
373 833 410 899 δέ
432 828 548 936 λόγους
570 855 810 938 πανηγυρικούς
831 831 886 897 καὶ
904 853 944 898 συ
944 831 1216 940 5150555555553·
1238 838 1304 900 τών

228 914 291 1006 γάρ
314 911 527 1022 5555555'
508 913 695 997 απείχετο
685 913 870 1022 πλεονάκις,
891 915 999 984 διὰ
965 943 1003 984 το
1023 914 1083 986 δύο
1102 915 1243 1022 πάθη”
1220 943 1305 1028 εγειη

230 1027 292 1110 σφι
293 997 424 1076 ιατικά,
452 997 504 1068 ὅτι
521 1022 567 1066 τε
594 993 752 1076 δειλός
732 1027 771 1088 ην
791 1001 848 1066 καὶ
870 996 1060 1109 ἀσθενὴς
1035 1029 1055 1068 τ
1099 1007 1204 1112 5555.
1250 1003 1306 1070 καί

230 1087 334 1164 οὕτως
355 1079 394 1175 ἦν
413 1084 519 1162 δειλὸς
539 1110 595 1162 και
587 1081 762 1191 αἶδήιιφν
781 1085 837 1150 καί
855 1083 904 1194 μη
925 1087 1036 1195 φέρωγ
1054 1008 1198 1174 '5525‘
1182 1113 1216 1154 εν
1223 1093 1305 1197 5053

230 1169 379 1280 πλήθεσι
404 1169 460 1236 διὰ
483 1169 522 1236 τό
550 1164 841 1277 άπαρρησιαστον,
867 1193 959 1278 ποτε
977 1169 1119 1274 λέγηται
1146 1173 1231 1238 ποτέ
1235 1168 1306 1278 53

230 1253 331 1324 αύτσυ
315 1255 565 1360 ἐξηγουμέηου
585 1254 788 1358 ἐπεισῆλθον
807 1255 893 1332 τινὲς
912 1251 1013 1321 αύτόῦ
1036 1250 1196 1322 ἀκοῦσαι·
1230 1251 1248 1324 ό
1267 1258 1305 1326 δέ

229 1337 323 1450 αίδρύ
323 1363 420 1424 μενος
447 1335 642 1444 ἐσιώπησεν.
687 1335 849 1443 ἐλάμβανε
878 1340 915 1406 δέ
938 1336 1090 1444 χρήματα
1118 1337 1304 1445 πάμπρλλα

228 1421 315 1534 όρπέρ
343 1427 401 1532 τῆς
439 1420 671 1502 διδασκαλίας,
708 1420 850 1532 παραγ
838 1423 898 1504 μέν
924 1427 989 1530 ρῶν
1019 1425 1165 1490 πολιτῶν
1197 1420 1302 1501 οὐδέν,

229 1509 344 1595 ὥσπερ
364 1508 476 1616 γέρας
480 1512 576 1573 τούτο
602 1507 859 1614 κατατιθέμενος
885 1507 940 1573 καὶ
963 1513 1109 1616 τροφεῖα
1136 1507 1303 1618 καταβάλ-

229 1597 351 1662 λιον
297 1620 350 1702 τη
369 1591 528 1702 πατρίδι,
537 1589 632 1697 παρά
652 1591 689 1658 δέ
705 1596 770 1656 τῶν
788 1591 886 1670 ξένοιν
902 1590 1010 1698 γιλίας
1021 1591 1186 1702 δραχμάς.
1221 1589 1305 1677 055

226 1675 279 1746 λει
297 1675 498 1786 Ἐφόρου
460 1673 565 1754 τινός,
590 1671 691 1741 αὐτοῦ
706 1679 872 1784 μαθητοῦ,
895 1673 1142 1756 άπελθόντος’
1126 1703 1161 1744 εν
1154 1681 1228 1785 τῆ
1237 1703 1303 1744 πα-

227 1764 316 1870 τρίδι
342 1789 398 1828 και
418 1757 574 1864 ἐλθόητος
595 1757 745 1827 πάλινπ
718 1760 804 1838 πὸς
838 1760 876 1828 τὸ
905 1757 1108 1867 ἀναλαβεῖν
1107 1762 1163 1828 καί
1190 1759 1304 1869 δόντης

228 1848 290 1926 τάς
308 1845 444 1955 χιλίας,
455 1841 567 1916 ἐκάλει
591 1849 708 1912 τοῦτον
761 1845 928 1952 ισέφρρον.
962 1837 1135 1925 πλούσιος
1155 1847 1192 1914 δὲ
1211 1844 1303 1954 γενό

227 1959 325 2041 μεγος
345 1928 520 2018 ἐμερίσατο
541 1927 597 1997 τὸν
617 1931 761 2004 πλοῦτον
785 1929 871 2015 πρὸς
892 1931 952 2018 τὴν
971 1929 1070 1997 πόλιν
1090 1931 1206 1998 διὰ
1165 1959 1224 2020 της
1249 1927 1304 2000 εύ-

228 2015 339 2125 ηοίας,
378 2012 593 2123 τριηραρχίας
631 2014 702 2119 καί
722 2015 848 2094 πολλάς
887 2015 1092 2124 λειτουργίας
1130 2018 1300 2125 συντελῶν.
1346 2100 1349 2102 .

228 2099 398 2170 ἔσκωπτον
420 2101 456 2166 δέ
477 2103 594 2166 τοῦτον
616 2125 647 2165 οι
672 2100 811 2182 κωμικοί
832 2095 875 2204 53
896 2125 1006 2206 κεχρηγ
994 2101 1093 2184 μένον
1115 2101 1179 2168 τινὶ
1194 2099 1302 2208 πόρνη

226 2179 430 2292 Λαγίσκη’
414 2181 559 2292 ρνόμ.ατι
613 2183 750 2270 λέγομεν
778 2179 851 2252 δέ(
835 2211 936 2293 51553
957 2181 1269 2292 άπολογρύμενοι”
1250 2211 1305 2252 οτι,
1361 2226 1365 2233 -

225 2269 379 2376 μάλιστα
377 2271 449 2354 μέν
469 2210 564 2340 όύδέν
582 2272 680 2336 τοῦτο
701 2273 808 2345 ποιεῖ,
832 2268 866 2377 εἰ
881 2263 946 2352 εἶχε
964 2269 1048 2354 μετά
1068 2271 1128 2359 τὴν
1140 2269 1310 2378 τελευτὴν

224 2361 283 2463 της
296 2355 454 2463 γυναικός
473 2350 594 2462 ταύτην
611 2352 857 2458 παλλακίδα“’
843 2353 959 2422 ἔπειτα
979 2355 1118 2460 λέγομεν
1138 2353 1189 2422 ότι
1202 2359 1300 2422 τοῦτο
1334 2358 1339 2368 ’

227 2439 327 2548 αύτὸν
344 2439 431 2506 πολὺ
452 2438 554 2504 πλέον
571 2429 861 2542 προσαπολύει
821 2465 879 2526 της
902 2438 1118 2544 διαβολῆς,“
1099 2465 1150 2507 οτι
1176 2440 1300 2546 ψευδές

224 2526 263 2592 τὸ
284 2524 378 2631 παρά
397 2525 463 2589 τών
481 2525 633 2625 κωμικῶν
653 2519 879 2628 σκώπτεσθαι.
925 2521 1068 2590 ειώθασι
1091 2525 1182 2630 γάρ
1184 2551 1215 2592 σι
1235 2551 1300 2590 κω-

224 2635 317 2715 μικοι
336 2635 378 2674 τα
365 2547 542 2712 μεγάλα
541 2602 709 2714 πρόσωπα
728 2603 892 2674 σκώπτειν
911 2609 968 2675 διὰ
993 2605 1182 2717 γέλωτα(
1160 2635 1205 2688 ως
1226 2615 1300 2679 Σισ

226 2691 349 2781 κράτην
357 2690 553 2800 είσάγρυσιγ
573 2691 709 2800 ἐρῶντα
716 2691 806 2757 νέων.
844 2690 978 2798 ἔγραψε
1007 2695 1044 2760 δέ
1068 2694 1214 2773 πολλοὺς
1242 2691 1300 2761 λό·

226 2802 323 2885 γηυς,
345 2779 392 2843 ών
411 2774 493 2844 εἰσίν
513 2801 547 2842 αι
552 2775 793 2884 παραινέσεις,
825 2773 855 2843 εί
877 2776 935 2842 καί
956 2804 1041 2856 τινες
1064 2719 1301 2883 ἠβουλήθησαν

226 2860 327 2942 αύτδις
346 2860 479 2943 εἰπεῖνι
456 2859 513 2967 μη
536 2853 620 2926 εἶναι
639 2855 739 2926 αύιοῖι
761 2854 869 2928 διά
835 2889 873 2928 το
898 2857 1038 2968 άηθεηές
1056 2868 1114 2950 τῆς
1097 2861 1297 2974 ςφράσειης,

226 2943 265 3027 δίς
283 2952 419 3051 555505
437 2943 570 3024 εἰκότως
591 2941 867 3052 ἀναγινώσκομεν,
884 2942 955 3052 055
977 2943 1022 3025 53
1044 2895 1099 3031 βελ
1096 2947 1231 3056 τίρνας
1242 2945 1298 3014 ού

226 3055 288 3110 σας
312 3035 377 3097 τῶν
397 3025 506 3095 άλλων
525 3026 647 3114 λόγων·
681 3029 829 3136 καὶγὰρ
837 3030 892 3136 καί
917 3026 1173 3139 όπαγηγυρικὸς
1191 3031 1298 3100 αὐτῶν

136 3195 140 3200 ,
225 3116 361 3222 προέχει
388 3113 444 3186 καὶ
468 3109 564 3179 άλλοι
586 3111 725 3179 πολλοί·
759 3109 873 3180 άλλΗ
861 3113 912 3180 ότι
914 3116 1057 3222 περὶ]
1038 3113 1133 3182 ιθιῦν
1157 3121 1297 3223 διαλαμ-

223 3202 389 3306 5555v65v.
444 3192 628 3306 άηαγκαῖον
646 3199 683 3266 δέ
700 3197 741 3265 τὰ
767 3193 836 3287 555
859 3199 926 3309 πρὸ
949 3208 1015 3266 τῶν
1038 3153 1153 3307 λόγων
1172 3227 1245 3286 κοσρ
1232 3207 1297 3310 μῆ-

226 3309 299 3392 σαι,
329 3283 443 3370 ὥσπερ
468 3279 486 3350 5
508 3281 650 3388 γεωργὸς
680 3278 818 3390 ὀφείλει
841 3286 909 3390 πρὸ
935 3291 1052 3353 τῶν
1001 3284 1221 3394 σπερμάτων
1241 3288 1298 3396 γαί

224 3395 264 3476 53
284 3369 396 3451 μέλλει
411 3364 628 3472 γαταβάλλειν
645 3367 796 3478 φυτείας
801 3367 971 3437 ἐκκόπτειν
990 3366 1060 3478 ρἰπό
1081 3377 1147 3478 τῶγ
1165 3369 1297 3460 χωρίων

224 3453 266 3519 τδι
282 3448 504 3560 λυμαινόμενα
519 3448 658 3558 τούτοις,
683 3445 755 3561 οἷρν
773 3448 935 3560 άγρωστιν
949 3456 1004 3524 καί
1021 3455 1063 3522 τά
1078 3454 1208 3534 τούτοις
1228 3483 1296 3523 πα-

224 3533 416 3646 ραπλήσια·
455 3533 544 3604 διΗ
532 3534 568 3613 ό,
602 3533 648 3648 553
674 3538 730 3604 καὶ
757 3538 843 3624 πρδς
869 3543 995 3644 555553
1018 3543 1121 3644 ταῦτα
1141 3539 1296 3650 γράφων,

226 3619 417 3730 ηναγκάσθη
436 3622 653 3728 ταπεινοτέρα
676 3619 868 3732 χρήσασθαι
891 3629 946 3728 τῆ>
961 3621 1100 3733 φράσει·
1130 3648 1215 3693 ωστε
1236 3653 1296 3692 αυ-

224 3711 283 3774 τοῦ
305 3701 345 3772 55
370 3704 509 3812 είησαν
504 3732 559 3771 και
588 3733 621 3773 αι
618 3709 869 3813 παραινέσεις.
923 3703 1015 3788 άξιον
1032 3711 1069 3776 δέ
1050 3710 1278 3818 ζητῆσαι
1240 3709 1297 3777 διὰ

224 3789 327 3859 ποίαν
347 3815 455 3896 αιτισιγ
469 3789 573 3868 ούτιις
588 3785 629 3857 αύ
630 3791 689 3870 τὰς
704 3787 965 3900 σ’ργαγινώσκομεν
979 3819 1062 3860 κατα
1050 3794 1177 3874 ταξιν,
1202 3799 1296 3902 πρώ-

223 3901 281 3944 τον
296 3873 355 3982 τὴν
377 3875 463 3981 πρὸς
481 3871 735 3986 Δημόνικον,”
712 3903 828 3944 επειτα
851 3878 912 3966 τὴν
932 3879 1018 3984 πρὸς
1038 3879 1215 3958 Νικοκλέα,
1240 3879 1296 3946 καί

197 3963 268 4050 ,μὴ
292 3955 519 4107 άδραφορισς,
527 3957 642 4048 ὥσπερ
665 3961 789 4040 ἐντοῖς
812 3956 987 4041 άλλοις
947 3968 1047 4030 αυτσύ
1068 3961 1187 4072 λόγοις.
1240 3963 1321 4030 λέ-

223 4072 321 4152 γομεν
336 4038 402 4110 ότι’
399 4041 578 4150 Ισοκράτης
592 4043 792 4155 βουλόμενος
797 4048 1010 4153 κοινωφελης
1025 4048 1191 4155 γενέσθαι,
1208 4073 1294 4137 φορ-

222 4131 312 4196 τικόν
336 4124 415 4196 55‘
399 4125 493 4235 ηγούι
480 4153 589 4236 μενος
597 4129 635 4196 τό
653 4133 739 4237 πρὸς
756 4127 884 4210 πάντας
905 4159 924 4219 γ
947 4129 1045 4221 άφειν
1067 4133 1128 4211 τὰς
1148 4139 1317 4218 συμβου-

224 4212 300 4292 λάς,
315 4208 472 4328 ηλθενι
449 4239 494 4292 ως
514 4211 650 4292 τούτους
669 4213 829 4326 γράφειν.
861 4215 900 4284 τό
888 4159 997 4286 δέ
950 4214 1105 4324 ἀληθὲς
1120 4222 1206 4284 πᾶσι
1227 4243 1294 4284 πα·
1339 4252 1344 4256 ·

224 4307 326 4385 ραινει
331 4298 401 4366 ’διὰ
419 4303 485 4365 τῶν
500 4302 601 4389 τριῶν
618 4301 862 4389 παραινέσειεν,
884 4298 998 4392 ὥσπερ
1016 4299 1073 4368 καὶ
1091 4297 1110 4369 ὁ
1124 4297 1292 4381 Ἡσίοδος,
