2982 4992
253 419 339 476 m
431 395 672 466 rnnarsrro
692 397 749 482 ιο,
772 396 946 463 caoncn
965 352 1152 462 amram.

252 585 409 653 hibernant
441 577 481 672 ἢν
500 583 566 671 γὰρ
579 583 732 670 ’φανῶσιν
757 576 866 669 ἕτεροί
887 602 972 658 τινες
998 582 1064 645 τῶν
1089 580 1329 669 προγεγενημέ-

254 689 319 738 νων
334 671 381 760 μὴ
397 667 547 736 uei-iicet
566 667 626 750 μὲν
645 667 713 753 μηδ
719 660 730 688 ’
753 659 872 732 ὁσιωτέ
894 689 944 744 οις
964 652 1010 729 ὧν
1032 660 1124 753 ἡμεῖς
1146 671 1329 749 συμβεβου-

255 753 413 840 λεύκαμεν
434 749 716 838 ἐπιχειρήσαντες,
740 747 843 833 μείζω
865 690 902 816 ie*
926 749 982 815 καὶ
1002 745 1232 837 δοσκολώτερα
1251 746 1328 818 τού-

247 855 321 908 ’των
351 836 612 914 ἐπιτελέσαντες,
653 833 687 900 τί
717 835 837 901 λοιπὸν
874 831 968 900 ἔσται
1002 839 1074 913 τοῖς
1105 830 1326 922 ἀντιλέγουσα

256 927 343 1002 πῶς
365 917 405 988 οὔ
426 925 552 987 θᾶττον
574 921 614 986 σὺ
634 919 676 985 τὰ
698 915 769 1008 ῥᾴω
792 915 929 1008 πράξεις
952 913 1104 1020 ἢ’κεῖνοι
1120 921 1161 986 τὰ
1178 916 1330 1002 χαλεπώ-

255 1033 354 1096 τερας
377 1009 455 1072 Sunt
468 1019 568 1071 autem
590 1001 622 1070 oi
639 999 858 1105 ἀντιλέγοντες
873 1002 896 1067 ii
913 1027 965 1089 qur
980 1003 1216 1070 conciliationem
1233 1010 1330 1071 Grae·

256 1115 357 1158 corum
379 1115 442 1157 rem
462 1089 671 1178 perdifficilem
692 1091 883 1156 arbitrantur.
926 1089 1010 1154 Solet
1028 1089 1107 1154 enim
1124 1091 1252 1155 verbnm
1273 1085 1330 1156 oiv-

255 1177 392 1265 τιλὲγειν
412 1175 456 1242 sic
477 1173 613 1241 absolute
632 1173 705 1261 poni
724 1175 763 1240 de
785 1173 871 1240 aliter
893 1173 1101 1240 sentientibus.
1146 1176 1260 1240 thfer
1281 1175 1331 1239 in-

276 1261 359 1330 timis
379 1262 479 1329 locunt
500 1259 685 1327 simillimum
704 1259 736 1323 in
758 1265 873 1343 Paneg.
896 1262 923 1340 b.
941 1261 995 1323 67.
1023 1257 1132 1324 καίτοι
1159 1258 1194 1324 τί
1213 1258 1332 1326 λοιπὸν

255 1286 349 1419 i'ocot
365 1351 437 1425 τοῖς
457 1341 681 1432 ἀντιλέγουσιν
699 1369 729 1409 κ.
751 1368 780 1409 τ.
803 1345 833 1409 λ.
883 1341 966 1408 Satis
981 1343 1178 1429 ⁴probabilem
1203 1345 1332 1408 reddunt

145 1443 149 1448 '
255 1445 387 1499 nostram
407 1429 645 1498 emendationem
667 1450 703 1493 aa
724 1451 801 1513 quae
821 1427 900 1491 infra
920 1427 1062 1514 leguntur
1082 1430 1172 1509 ΜΤ.
1196 1427 1250 1492 ubi
1264 1433 1331 1492 lao-

256 1527 353 1584 mates
374 1514 531 1582 declaratis
551 1513 613 1580 iam
630 1511 669 1591 iia
690 1533 768 1598 quae
789 1511 843 1578 alii
861 1511 922 1577 viri
943 1513 1066 1599 egregie
1086 1497 1219 1578 iecerant
1239 1521 1331 1598 argo·

256 1601 447 1668 mentationis
477 1621 625 1666 summam
653 1598 786 1664 breviter
814 1596 934 1685 repetiit
959 1597 1006 1662 his
1034 1597 1153 1662 verbis=
1186 1595 1273 1665 iinon
1294 1591 1330 1664 δ’

252 1682 464 1774 Ἀλκιβράδης
484 1684 545 1768 μὲν
594 1681 673 1760 νὰς
695 1676 750 1760 ὧν,
773 1679 891 1748 Κόνων
911 1683 949 1749 δὲ
963 1679 1223 1770 δεδυστοχρκώς,
1247 1684 1331 1750 Διο-

257 1768 368 1848 νύσιος
389 1765 424 1836 d'
448 1765 509 1836 οὐκ
529 1707 662 1847 &binding
683 1760 746 1846 ὤν,
773 1770 885 1854 Κῦρος
905 1763 941 1834 ti'
965 1765 1068 1846 οὕτως
1090 1765 1221 1858 οἰκτρᾶς
1242 1762 1331 1855 αὐτῷ

256 1858 315 1942 τῆς
336 1853 373 1934 ἐξ
393 1847 495 1946 ἀρχῆς
514 1851 670 1940 γενέσεως
698 1847 911 1942 ὑπαρξάσης,
942 1848 988 1932 εἰς
1017 1857 1176 1920 τοσοῦτον
1203 1855 1331 1944 προῆλ-

256 1944 323 2006 θον
350 1937 408 2004 καὶ
434 1939 612 2025 τηλικαῦτα
636 1933 856 2026 διεπράξαντο
863 1985 873 2016 ,
907 1941 995 2016 πῶς
1024 1932 1071 2004 ori
1104 1939 1150 2006 σέ
1180 1963 1224 2026 ya
1253 1936 1330 2091 χρὴ

257 2023 525 2114 προσδοκᾷν,
546 2019 605 2088 τὸν
624 2019 661 2089 ἐκ
679 2019 839 2088 τοιούτων
855 2023 916 2104 μὲν
930 2019 1095 2110 γεγονότα,
1118 2025 1277 2091 Μακεδον
1292 2049 1331 2102 ας

257 2106 296 2175 tid
315 2101 549 2191 βασιλεύοντα,
582 2101 750 2178 τοσούτων
770 2106 807 2174 οὲ
828 2105 945 2202 κύριον
963 2104 1056 2188 ὅντα,
1089 2107 1194 2202 bodi
1201 2131 1252 2189 ως
1282 2109 1332 2177 τὰ

257 2197 384 2282 προει
419 2189 551 2278 ημένα
577 2186 827 2278 συστή·σειν,·

340 2215 514 2342 aedredo
534 2274 653 2339 iamed
675 2275 905 2376 Panegyricum.
954 2275 1069 2341 Verbis
1096 2275 1211 2361 graecis
1231 2289 1331 2342 muta-

255 2357 295 2424 tis
322 2358 531 2425 annotationes
558 2357 676 2423 criticas
696 2364 779 2425 Mon
805 2372 835 2424 et
855 2358 982 2446 Spolrnii
1010 2357 1170 2444 plerasque
1191 2359 1331 2426 omitten-

256 2443 311 2508 das
332 2443 427 2509 finisse
447 2465 502 2530 per
522 2465 556 2508 se
583 2455 678 2528 patet.
726 2437 789 2508 Eas
817 2465 892 2506 vero
921 2463 999 2526 quae
1028 2444 1081 2508 vel
1108 2443 1330 2530 grammaticam

254 2529 308 2593 vel
326 2527 480 2594 historiam
495 2527 675 2613 'spectabant
695 2529 748 2591 rel
767 2525 967 2591 difficilimum
989 2528 1122 2593 locorum
1152 2530 1330 2616 interpreta-
1379 2537 1381 2546 ’

254 2613 366 2678 tionem
388 2611 598 2693 continebant,
625 2635 728 2676 omnes
757 2611 883 2698 repetii,
912 2611 971 2676 nisi
998 2635 1075 2696 qaae
1101 2613 1259 2680 manifesto
1281 2637 1330 2680 er·

255 2719 323 2762 rora
343 2698 532 2763 laborabant.
582 2695 700 2760 Addidi
728 2697 854 2761 aliorum
881 2719 998 2781 quoque
1026 2697 1172 2762 editorum
1194 2701 1330 2765 animad-

255 2780 409 2847 versiones
434 2783 577 2865 selectas,
613 2780 741 2846 auctoris
771 2803 921 2865 qnamqne
948 2781 1068 2846 nomine
1093 2782 1269 2869 insignitas,
1301 2800 1331 2851 et

255 2889 349 2932 meas.
401 2873 561 2932 Praeterea
589 2865 725 2930 notitiam
754 2865 888 2930 codicum
917 2880 947 2930 et
973 2866 1136 2931 editionum
1165 2891 1260 2953 osque
1290 2871 1329 2934 ad

255 2951 330 3015 baec
348 2965 482 3036 tempora
503 2949 634 3030 deduxi,
663 2949 764 3014 multis
791 2949 908 3014 omissis
934 2971 1011 3034 quae
1031 2951 1064 3024 in
1082 2952 1177 3052 priori
1199 2953 1329 3020 aditione

255 3035 414 3098 adfuerant
441 3057 539 3118 neque
565 3034 639 3096 viris
664 3033 759 3098 doctis
786 3033 913 3134 amplius
940 3039 1039 3122 neque
1067 3037 1212 3102 tironibus
1231 3039 1327 3104 utilia.

256 3118 394 3183 Accessit
421 3115 512 3182 etiam
531 3116 608 3183 Vita
627 3117 767 3182 Isocratis
793 3139 922 3203 pnmnm
951 3121 991 3184 ab
1017 3121 1115 3185 Andr.
1144 3126 1343 3211 Mastoxyde

256 3227 274 3267 e
296 3204 414 3268 drrobua
435 3202 522 3266 codd.
545 3200 754 3266 Laurentianis
775 3201 856 3266 edita
875 3201 907 3265 in
923 3204 1087 3270 Anecdotis
1103 3207 1238 3273 Graecis.
1276 3214 1329 3274 In-

256 3287 338 3352 dices
360 3287 489 3370 denique
510 3283 581 3351 dedi
603 3299 748 3352 correctos
769 3299 799 3351 et
819 3297 952 3351 auctos.'
1028 3329 1031 3334 ι

339 3370 466 3458 Spohnii
486 3369 703 3458 praefationem
725 3393 817 3456 quum
838 3384 929 3436 totam
948 3393 1118 3459 *supponere
1135 3397 1197 3440 non
1219 3375 1328 3442 attine-

254 3469 316 3538 ret,
347 3471 497 3544 postrema
524 3469 624 3519 tamen
653 3455 718 3520 eins
746 3457 840 3540 rerba
867 3480 907 3521 ex
938 3455 1038 3522 animo
1067 3458 1190 3545 repetiit
1228 3465 1329 3544 „Meo

254 3555 353 3606 autem
372 3540 399 3606 si
419 3539 565 3626 respicio,
592 3553 679 3626 opto,
705 3553 739 3604 nt
758 3565 799 3606 ne
820 3562 857 3606 ea
876 3539 951 3606 viris
970 3542 1277 3648 improbantur,··‘qoi
1296 3545 1329 3609 in

252 3625 300 3690 his
322 3625 417 3692 literis
439 3624 588 3706 habitant,
622 3624 758 3712 inprimis
787 3628 976 3690 Immobueli
995 3627 1158 3712 Bekbem,
1189 3649 1242 3713 qttr
1267 3630 1327 3694 iam

254 3711 366 3775 dudum
387 3712 419 3776 in
440 3709 560 3795 scriptis
580 3725 730 3779 oratorum
749 3710 917 3776 Atticorum
938 3711 1141 3799 perpoliendia
1167 3727 1197 3778 et
1224 3737 1328 3779 emen·

254 3795 361 3862 dandis
381 3799 560 3860 versatur.“

334 3913 435 3982 scrib.
459 3911 562 3981 rorici
579 3897 781 3980 ¹Helvetornm
802 3909 876 3980 Kal.
897 3917 989 3982 Mart.
1013 3883 1265 3996 astoctoxxxr.

690 4195 888 4212 m
