2984 4988
402 398 422 464 J
483 386 939 490 rnnnsrntnn
1209 413 1245 462 u

477 576 505 650 7.
522 579 559 636 71
575 580 678 636 -08.
720 571 788 638 Pari
805 579 908 638 virano
928 577 1124 641 excelluerunt
1136 581 1166 639 in
1175 581 1244 640 bel·
1276 611 1278 616 v

411 660 449 720 lis
466 657 590 718 Persicis
610 659 746 724 adversus
765 661 850 720 Darii
870 673 899 720 et
911 661 1024 724 Xersis
1047 665 1176 740 ingentes
1197 687 1245 724 cs·
1336 731 1340 736 ,

412 747 491 820 pias.
514 765 569 818 qrro
587 745 695 806 facts
680 747 836 820 superium
852 749 940 806 maris
958 749 1033 808 771777
1056 750 1179 860 oblatum
1197 771 1244 809 ac-

413 838 566 904 cepemut3
572 833 611 899 7
630 835 682 888 71.
703 836 754 888 72.
808 889 818 906 5
1228 873 1229 878 =

477 914 570 970 socios
598 912 722 986 ι771ι177ι
739 915 851 974 virtutis
882 915 934 974 1117
961 930 1090 991 ternpore
1120 923 1244 980 77717777

319 1021 323 1027 ·
412 993 703 1056 Lacedaemoniorum
723 995 880 1058 habuerrmt
906 1001 933 1076 §.
949 1006 1001 1062 73.
1025 1004 1090 1062 74:
1130 1039 1132 1044 ,

477 1090 506 1140 et
532 1082 704 1154 optimorum
726 1083 883 1142 7771177777
917 1105 969 1158 pro
999 1085 1091 1144 salute
1117 1089 1244 1148 omnium

412 1177 482 1224 7777
499 1163 698 1238 7777177777.
716 1171 805 1224 7⁵-
819 1170 870 1227 84.
991 1173 993 1180 “

475 1248 568 1306 sed'
549 1268 584 1305 us
611 1249 782 1308 antecellere
813 1271 949 1326 prospere
965 1227 1114 1310 successu
1142 1248 1242 1314 studu-

413 1342 495 1392 erunt
516 1341 545 1392 et
565 1343 662 1391 contre
685 1331 855 1408 Darium§.
873 1341 966 1396 85-
978 1341 1030 1396 87.

475 1426 504 1475 et
524 1427 621 1475 contra
643 1415 777 1476 Xerxem
799 1419 826 1492 7.
847 1427 1001 1480 88-90.
1024 1421 1107 1479 victis
1128 1420 1164 1478 erl
1187 1417 1242 1478 Sa·

410 1501 546 1560 laminam
590 1499 727 1563 Barbaria
768 1503 868 1562 salutis
910 1505 1064 1562 cormnunis
1097 1514 1241 1565 77777777.

300 1665 409 1726 Eorum
430 1673 532 1745 igitur,
562 1671 611 1744 (771
635 1671 719 1728 toties
745 1655 923 1746 habuenrnl,
953 1691 1026 1730 nunc
1050 1673 1136 1730 etiam
1158 1661 1243 1732 debet

236 1773 301 1815 esse
319 1755 508 1829 principatum
527 1754 553 1828 7.
570 1761 622 1814 99.

301 1857 358 1895 non
390 1841 466 1896 euim
495 1837 575 1898 abusi
602 1849 667 1896 sunt
700 1839 820 1914 imperio
845 1840 948 1914 maris,
984 1839 1242 1901 animadverterrmt

351 1923 464 1980 nonnisi
481 1923 512 1980 17
531 1923 691 2002 rebelles,
700 1925 820 1982 civitatis
839 1923 982 2000 regundae
1005 1927 1171 1984 necessitate
1192 1947 1240 1986 co·

353 2007 408 2062 acti
418 2026 542 2080 ,neque
556 2009 671 2082 gravius
687 2029 772 2080 quam
787 2009 854 2082 alii,
876 2018 905 2066 et
921 2029 973 2082 per
987 2009 1106 2084 longrmr
1126 2012 1241 2086 imperii

353 2047 490 2189 templus
482 2110 512 2148 ιιι
523 2110 717 2166 7777777777,
740 2093 766 2167 7.
786 2099 978 2151 100-102.

301 2169 354 2232 sed
374 2175 499 2230 maxima
523 2193 590 2232 cura
610 2184 639 2232 et
664 2177 785 2234 amicitia
808 2177 893 2234 saluti
922 2178 1065 2234 sociorum
1086 2198 1242 2252 prospexe-

350 2268 432 2334 runt,
455 2255 482 2332 7.
501 2262 611 2318 103-
625 2263 696 2318 100.
732 2260 837 2318 rmuste
848 2259 953 2318 lucrari
968 2261 1242 2338 7717717777107
1267 2283 1271 2287 ·

299 2438 382 2485 secns
402 2447 435 2486 ac
455 2423 692 2502 Lacedaemonii,
713 2427 763 2500 qui
783 2425 935 2502 superbia,
957 2427 1116 2501 imperandi
1139 2439 1168 2488 et
1189 2427 1241 2488 lra-

352 2509 438 2582 bendi
465 2509 632 2586 mpiditate,
665 2519 748 2586 atque
769 2509 935 2568 crudelitate
964 2512 1091 2572 civitates
1121 2523 1150 2572 et
1176 2524 1242 2574 ante

351 2615 451 2669 pacem
472 2591 690 2670 (Antalcidae),
725 2595 752 2669 7.
779 2599 975 2654 110-114.
1020 2607 1051 2656 77
1082 2595 1135 2656 1777
1166 2598 1241 2658 sacta

349 2680 484 2736 maximis
505 2679 660 2738 obmernnt
688 2680 772 2737 malis
803 2688 832 2736 et
857 2681 911 2738 toti
931 2675 1070 2740 Graeciae
1095 2683 1241 2742 interitum

312 2761 317 2776 “
349 2771 502 2836 pararunt,
528 2764 568 2819 ita
594 2773 626 2819 ut
647 2763 754 2820 multae
779 2763 865 2820 urbes
886 2774 1003 2836 pareant
1024 2763 1138 2840 Persis,
1169 2788 1240 2842 quo·

351 2866 414 2903 nrm
438 2846 590 2918 imperinm
605 2843 801 2906 Athenienses
821 2854 902 2908 antea
927 2846 1011 2920 plane
1034 2860 1238 2922 represserant.

297 3009 347 3072 Ex
367 3035 427 3114 que
444 3015 520 3071 euim
541 2970 714 3088 principatus
736 3013 771 3070 717
792 3009 1016 3072 Atheniensibus
1038 3015 1074 3074 ad
1093 3015 1241 3086 Lacedae·

349 3098 462 3155 monios
489 3097 617 3172 tramiit,
655 3095 760 3156 Persae
789 3097 866 3197 male
902 3106 1054 3170 tractarunt
1078 3099 1240 3178 Graeciam,
1331 3115 1334 3122 '

297 3182 381 3341 etqtle
397 3187 573 3366 1711ἰιιιηιιιιι,
595 3264 668 3322 sacta
690 3285 776 3340 pace,
797 3273 924 3340 tractant,
948 3267 974 3340 §.
996 3269 1241 3326 120—124.

294 3347 567 3408 Lacedaemoniis‘
557 3367 588 3404 77
617 3350 716 3406 socios·
738 3369 806 3407 suos
828 3360 857 3408 et
876 3309 1004 3424 reliquos
1026 3346 1152 3410 Graecas
1173 3371 1239 3427 gra·

346 3433 420 3489 viter
440 3433 630 3506 peccantibus,
652 3433 679 3505 7.
700 3439 760 3492 125
773 3463 814 3476 -
827 3439 897 3494 128.

296 3534 457 3588 qrranquam
485 3514 690 3589 quodammodo
718 3525 838 3590 possunt
864 3518 1011 3592 excusari3
1049 3538 1144 3593 neque
1168 3538 1237 3578 vero

349 3599 384 3654 ab
406 3599 482 3656 omui
502 3607 592 3672 parte.
614 3599 640 3674 7.
662 3605 857 3658 129-132.
944 3651 947 3656 ,
1146 3609 1150 3626 “

167 3745 212 3823 Β.
231 3761 319 3844 Quod
338 3773 433 3822 antem
453 3765 490 3824 tle
513 3766 611 3840 parvis
637 3766 867 3838 possessionibus
891 3767 1019 3825 rixamur
1041 3775 1071 3826 et
1089 3786 1143 3825 nes
1163 3767 1236 3826 inri-

230 3869 293 3907 7777
315 3847 482 3923 diripimus,
511 3851 562 3923 qui
585 3849 746 3924 ingentibus
767 3847 859 3908 Asiae
881 3849 987 3908 divitiis
1005 3853 1148 3924 possimus
1168 3851 1237 3925 1771,

231 3942 261 3992 71
287 3929 439 3990 Persarum
469 3953 568 4008 regem
607 3935 699 4006 magis
737 3932 901 3992 adiummus
932 3953 1017 4007 quam
1054 3944 1236 4010 attentamus,

230 4035 343 4100 magna
353 4027 398 4074 est
408 4019 604 4090 perversitas,
633 4035 689 4090 que
708 4017 781 4088 iste,
818 4035 875 4075 777
892 4018 1017 4091 petentia
1035 4037 1106 4096 stra,
1140 4019 1236 4077 valere

231 4102 333 4174 7777711.
362 4101 390 4174 7.
412 4106 526 4160 133-
538 4105 612 4159 137.

294 4180 392 4242 Valde
412 4185 489 4242 enim
510 4183 663 4242 imbecillis
684 4193 747 4256 est,
783 4203 836 4244 nee
857 4185 914 4243 nisi
936 4179 1055 4242 Graecis
1074 4182 1235 4243 iuvantibus

345 4268 455 4342 aliquid
472 4287 569 4344 magm
560 4265 723 4341 'perlicere
742 4277 849 4344 potest,
871 4271 900 4338 §.
919 4273 1115 4330 138-143,

946 4364 996 4424 d*
