2982 4992
293 425 628 526 noun-annana.
653 398 750 492 oon.
772 429 827 492 aa
848 379 960 492 nora.
982 428 1118 497 rsoon.
1147 439 1248 492 xxrx

173 605 333 695 deodrdpan
360 613 410 675 aui
440 608 616 702 ariarathiae.
658 613 760 678 larsrrnt
788 619 875 677 etiam
902 617 1051 692 epistolae.
1094 615 1181 680 Home
1199 641 1248 680 co·

116 765 122 774 Ι
173 699 264 758 dicem
295 709 385 758 totum
413 703 540 760 excussit
559 699 733 780 Belkania,
769 721 894 778 sinuque
922 703 1041 762 editioni
1068 723 1137 764 sarae
1165 709 1247 782 qnasi

172 784 385 842 fundamentum
407 787 537 846 sribiecit.
711 797 715 802 '

260 883 333 944 cod.
360 885 525 946 Vaticanis
546 891 620 946 936.
644 883 711 960 (A)
744 887 977 965 ‚,bombycinus,
1013 888 1105 949 forma
1131 901 1162 950 et
1182 893 1245 967 ipso

172 971 320 1045 quadrata,
342 971 420 1028 foliis
441 976 522 1045 234,
542 992 664 1045 qraoruna
686 975 747 1039 184
761 1007 798 1016 -
812 979 884 1032 222.
907 971 1065 1032 Themistio
1086 975 1151 1034 data
1169 989 1245 1038 sumt.

172 1053 364 1113 Themistinm
384 1056 529 1128 excipiunt
549 1053 683 1113 Isocratis
703 1057 849 1129 epistolae.
876 1078 1053 1117 cormnunem
1073 1057 1158 1118 huius
1180 1083 1244 1121 cnm

173 1136 311 1196 Urbinate
332 1139 471 1212 originem
492 1141 585 1214 arguit
605 1143 760 1199 communis
778 1143 809 1200 in
830 1151 959 1202 extrema
976 1139 1113 1203 Antidosi
1133 1147 1244 1223 lacuna,

160 1222 278 1281 'desunt
302 1231 332 1280 et
362 1242 435 1296 qnae
462 1220 595 1282 Urbinati
623 1223 741 1300 desunt,
776 1235 806 1300 et
823 1226 868 1296 ,de
886 1223 970 1302 Bigis
1002 1231 1126 1288 oratio.“
1170 1227 1268 1290 (ium'

172 1305 227 1371 hnc
253 1305 408 1366 Bckkcrns
438 1309 557 1368 contulit
585 1305 765 1387 Euagoram‚
791 1307 950 1388 Helenam,
979 1308 1148 1392 sophistas,
1178 1313 1244 1384 An·

171 1391 285 1450 tidosin.
331 1405 333 1408 ·
993 1397 999 1410 “

259 1489 332 1552 Cod.
354 1491 577 1572 Laurentianus
599 1491 658 1568 (Θ)
691 1497 799 1571 ‚‚t01iis
839 1499 899 1558 145
932 1493 1124 1558 Aristotelem
1158 1499 1245 1562 hahet

171 1577 219 1636 De
247 1575 377 1654 hlrmdo,
413 1577 549 1639 Isocratis
580 1584 722 1640 orationes
756 1581 887 1640 undecim
927 1580 1016 1651 (Hel.
1047 1581 1140 1660 Enag.
1169 1585 1243 1646 an.

171 1661 278 1738 Paneg.
294 1660 405 1738 Arcop.
424 1663 498 1723 Plat.
515 1663 637 1727 Archid.
660 1663 751 1740 Soplr.
773 1663 851 1724 Phil.
874 1663 993 1724 Panath.
1009 1663 1137 1746 Antia),
1158 1669 1256 1748 Pole-¹

170 1751 263 1806 monis
285 1748 321 1806 de
344 1746 520 1810 Callimacho
542 1761 571 1810 et
593 1748 757 1828 Cynaegiro
784 1749 1022 1828 declamationes,
1052 1750 1243 1828 Theophrasti

171 1829 348 1890 characteres
376 1835 517 1906 primos.“
572 1833 644 1894 Cum
674 1833 729 1894 hoc
754 1833 910 1894 Bekheurs
945 1835 1064 1894 contulit
1098 1837 1244 1900 dumtaxat

72 1978 76 1984 s
170 1913 397 1992 Archidamum,
434 1938 472 1976 ex
490 1915 628 1978 Antidosi
655 1921 747 1978 varias
775 1921 914 1980 lectiones
935 1921 1109 1980 inchoaverat
1129 1921 1243 1982 Muslo·

34 2030 36 2034 ·
65 2053 71 2058 ,
170 1997 285 2075 xydes,
323 2003 369 2058 cni
390 2005 513 2078 scriptus
542 2005 655 2063 videtur
674 2004 772 2063 seculo
793 2001 867 2063 ΧΠ.
910 2001 945 2062 Ιιι
965 2003 1141 2065 Archidamo
1163 2010 1244 2084 parvi

171 2087 307 2144 momenti
334 2095 395 2160 est,
430 2087 520 2144 madio
552 2091 667 2148 maioris
688 2091 717 2146 in
738 2086 894 2166 Antidosi,
931 2089 1144 2151 ubi‘interdum
1163 2093 1243 2152 solus

170 2163 269 2228 veram
289 2167 421 2228 Isocratis
444 2191 558 2230 manum
578 2175 710 2232 servavit.
815 2177 822 2190 ’
1034 2197 1035 2200 ’

258 2269 330 2330 God.
353 2270 589 2348 Amboosiauus,
612 2274 819 2350 bombycinus,
841 2265 948 2335 saecnli
962 2272 1053 2336 XIV.
1079 2286 1110 2334 ut
1131 2278 1244 2338 videtur

170 2351 352 2432 Mustoxydi.
393 2355 501 2417 Fuerat
520 2354 675 2416 Michaelis
694 2357 848 2432 Sophianai,
880 2355 1078 2418 Mediolanum
1106 2359 1243 2422 adductus

171 2451 273 2500 estex
300 2441 394 2500 insula
417 2439 535 2511 Ghioa.
559 2450 652 2504 1606.
695 2439 902 2505 Perhibebatn'r
931 2445 1073 2502 continere
1103 2441 1243 2508 Panathe·
1315 2433 1323 2451 ‘

170 2527 285 2584 naienm·
302 2527 404 2584 ceteris
425 2523 578 2586 auctiorem
606 2527 684 2600 (vid.
707 2525 887 2587 Golomesius
909 2524 1019 2602 Opusc.
1041 2551 1070 2604 p.
1091 2537 1132 2590 36
1150 2536 1242 2608 squ),

72 2621 79 2636 ·
171 2609 249 2683 quod
279 2619 374 2669 manen
403 2621 507 2686 negant
528 2623 556 2672 et
576 2607 771 2690 Mustoxydes
801 2621 830 2670 et
847 2610 981 2687 Aragelns
1001 2611 1109 2674 Maius.
1152 2613 1243 2678 Error

169 2704 254 2753 natus
273 2694 385 2754 videtur
414 2700 657 2770 e‘permntatione
686 2697 805 2756 durarum
834 2699 1010 2772 orationum,
1042 2697 1243 2762 Panathenaici

170 2788 199 2836 et
227 2776 415 2838 Antidoseos.
477 2778 558 2858 Quot
588 2775 729 2840 orationes
764 2783 906 2838 contineat
933 2801 1017 2840 nemo
1048 2783 1124 2852 (prod
1154 2788 1242 2847 sciam

170 2861 335 2923 declaravit.
378 2861 525 2938 Epistulas
545 2863 630 2924 hahet
651 2875 725 2939 octo,
745 2861 800 2922 hoc
821 2863 937 2922 ordine:
960 2865 1036 2926 1.ad
1053 2863 1239 2942 Dionysum.
1335 2902 1345 2912 -

170 2953 202 3006 2.
224 2945 261 3004 ad
281 2933 498 3009 Archidamum.
543 2956 573 3012 3.
595 2949 631 3010 ad
649 2945 760 3008 Iasonis
778 2949 895 3006 liberos.
940 2951 971 3008 4.
993 2949 1030 3006 ad
1046 2945 1250 3014 Timotheum.

170 3026 260 3100 (Inter
287 3029 360 3092 hanc
380 3041 409 3090 et
426 3043 592 3107 sequentem
618 3033 702 3094 codd.
724 3031 755 3092 Γ
771 3042 800 3091 et
819 3027 852 3088 Δ
869 3034 999 3092 iusserunt
1025 3035 1177 3094 secundam
1204 3037 1241 3098 ad
1332 3065 1338 3076 ·

78 3157 84 3172 .
168 3111 359 3190 Philipprun).
410 3122 440 3176 ⁵.
468 3117 506 3175 ad
532 3115 698 3192 Philippum
728 3117 861 3191 (prima).
914 3121 945 3176 6.
967 3117 1004 3176 ad
1027 3115 1271 3182 Alexandrum.-

169 3203 201 3258 7.
228 3199 266 3256 ad
292 3197 489 3275 Antipatmm.
547 3209 577 3262 8.
606 3201 643 3259 ad
670 3199 915 3278 Mytilenaeorunn
942 3203 1134 3277 magistratus.
1192 3203 1241 3266 Ex

168 3280 223 3340 hoc
250 3283 346 3343 codice
376 3287 501 3360 primum
520 3286 630 3362 integra
651 3285 727 3344 edita
748 3295 792 3344 est
810 3283 981 3360 Antilaeia,
1020 3297 1240 3363 praeterquam
1303 3307 1313 3317 ⁸

167 3363 314 3442 hucusque
335 3389 399 3426 urm
421 3389 455 3428 eo
477 3371 598 3428 collatae
619 3378 685 3427 sunt
702 3378 835 3444 quattuor
860 3371 1014 3427 orationes.
1056 3367 1136 3429 Vide
1157 3393 1240 3444 praef

167 3451 303 3513 sationem
322 3463 456 3512 nostram.
499 3451 662 3512 Necessitas
689 3473 755 3513 eum
782 3463 875 3512 totum
902 3453 1064 3512 excutiendi
1092 3475 1129 3514 ne
1149 3453 1240 3516 Urbi-

168 3541 233 3594 na'te
254 3529 369 3610 quidem
390 3538 500 3596 sublato
521 3547 575 3596 est.

254 3629 296 3692 II.
326 3633 430 3698 Editio
459 3635 705 3696 Mediolanum.
729 3639 823 3696 1493.
853 3635 907 3695 fol.
943 3645 1058 3696 mirante
1088 3635 1239 3700 Demetrio

170 3713 377 3800 Chalcoadyla.
419 3717 579 3782 Praemisso
600 3719 645 3780 est
665 3719 723 3778 vita
748 3717 883 3781 Isocratis
904 3739 921 3778 e
943 3714 1112 3796 Plutarcho,
1139 3721 1239 3784 Philo·

144 3812 275 3878 ¹atrato,
311 3801 456 3880 Dionysio
480 3803 711 3865 Halicamasseo.
754 3801 907 3878 Epistolae
931 3823 989 3862 uon
1013 3803 1119 3867 nunu.
1161 3805 1239 3868 Pau·

167 3887 275 3946 assant
295 3906 445 3962 operariam
466 3908 579 3950 errores
593 3891 779 3961 irrepserunt.

251 3985 355 4046 Editio
375 3985 516 4064 Aldina,
552 3985 875 4050 Venatiis1513.iol.
917 3983 975 4046 Adv
992 3987 1097 4048 calcem
1117 3987 1238 4050 Alcida·

167 4073 287 4145 mantis,
323 4069 449 4146 Gorgiae
476 4082 506 4130 et
532 4070 672 4131 Aristidis
699 4071 940 4148 quaedamedita
966 4083 1042 4130 siant.
1091 4072 1236 4148 Epistulas

93 4159 110 4187 ⁴
166 4173 224 4212 non
250 4153 346 4214 habet.
374 4152 479 4213 ‚Plura
505 4157 753 4230 animadvertimus
780 4157 860 4214 vitia.
901 4153 935 4214 A
961 4153 1173 4216 Mediolanensi
1194 4159 1236 4218 sic

166 4237 308 4312 discrepat
326 4239 494 4312 quittanciam
513 4241 600 4316 locis,
617 4250 650 4299 ut
667 4255 725 4297 non
745 4241 870 4312 potnerit
890 4259 929 4300 ex
948 4239 1050 4299 eodem
1071 4239 1149 4299 sonte
1168 4239 1246 4316 proi

165 4341 273 4384 venires
