<?xml version="1.0" encoding="UTF-8"?>
<!DOCTYPE html PUBLIC "-//W3C//DTD XHTML 1.0 Transitional//EN"
    "http://www.w3.org/TR/xhtml1/DTD/xhtml1-transitional.dtd">
<html xmlns="http://www.w3.org/1999/xhtml" xml:lang="en" lang="en">
 <head>
  <title>
</title>
<meta http-equiv="Content-Type" content="text/html;charset=utf-8" />
  <meta name='ocr-system' content='tesseract 3.04.00' />
  <meta name='ocr-capabilities' content='ocr_page ocr_carea ocr_par ocr_line ocrx_word'/>
</head>
<body>
  <div class='ocr_page' id='page_1' title='image "./isocratispanegy00isokgoog_0043.png"; bbox 0 0 2982 4992; ppageno 0'>
   <div class='ocr_carea' id='block_1_1' title="bbox 170 335 1081 452">
    <p class='ocr_par' dir='ltr' id='par_1_1' title="bbox 170 335 1081 452">
     <span class='ocr_line' id='line_1_1' title="bbox 170 335 1081 452; baseline -0.013 -13"><span class='ocrx_word' id='word_1_1' title='bbox 170 445 174 452; x_wconf 82' lang='lat'><em>.</em></span> <span class='ocrx_word' id='word_1_2' title='bbox 231 385 385 440; x_wconf 77' lang='lat' dir='ltr'><strong>xxxrm</strong></span> <span class='ocrx_word' id='word_1_3' title='bbox 441 335 1081 432; x_wconf 66' lang='lat' dir='ltr'><strong>‘snouu11o1sssttturto.&#39;</strong></span> 
     </span>
    </p>
   </div>
   <div class='ocr_carea' id='block_1_2' title="bbox 177 551 1306 832">
    <p class='ocr_par' dir='ltr' id='par_1_2' title="bbox 177 551 1306 802">
     <span class='ocr_line' id='line_1_2' title="bbox 231 551 1306 633; baseline -0.004 -15"><span class='ocrx_word' id='word_1_4' title='bbox 231 557 399 633; x_wconf 84' lang='lat' dir='ltr'><strong>tempestate</strong></span> <span class='ocrx_word' id='word_1_5' title='bbox 427 556 534 617; x_wconf 76' lang='lat' dir='ltr'><strong>viventi</strong></span> <span class='ocrx_word' id='word_1_6' title='bbox 562 575 613 617; x_wconf 83' lang='lat' dir='ltr'><strong>eur</strong></span> <span class='ocrx_word' id='word_1_7' title='bbox 640 552 755 614; x_wconf 74' lang='lat' dir='ltr'><strong>modom</strong></span> <span class='ocrx_word' id='word_1_8' title='bbox 780 573 839 614; x_wconf 83' lang='lat' dir='ltr'><strong>non</strong></span> <span class='ocrx_word' id='word_1_9' title='bbox 859 573 1006 614; x_wconf 85' lang='lat' dir='ltr'><strong>secessere</strong></span> <span class='ocrx_word' id='word_1_10' title='bbox 1013 553 1051 613; x_wconf 82' lang='lat' dir='ltr'><strong>l“</strong></span> <span class='ocrx_word' id='word_1_11' title='bbox 1093 551 1169 617; x_wconf 84' lang='lat' dir='ltr'><strong>&#39;l&#39;um</strong></span> <span class='ocrx_word' id='word_1_12' title='bbox 1189 553 1306 633; x_wconf 81' lang='lat' dir='ltr'><strong>quidem</strong></span> 
     </span>
     <span class='ocr_line' id='line_1_3' title="bbox 177 635 1305 742; baseline -0.004 -39"><span class='ocrx_word' id='word_1_13' title='bbox 177 647 180 653; x_wconf 89' lang='lat'>&#39;</span> <span class='ocrx_word' id='word_1_14' title='bbox 231 643 330 703; x_wconf 89' lang='lat' dir='ltr'><strong>decem</strong></span> <span class='ocrx_word' id='word_1_15' title='bbox 350 662 489 702; x_wconf 83' lang='lat' dir='ltr'><strong>sanorum</strong></span> <span class='ocrx_word' id='word_1_16' title='bbox 508 637 843 712; x_wconf 79' lang='lat' dir='ltr'><strong>nume&#39;rttmconfirmot&#39;</strong></span> <span class='ocrx_word' id='word_1_17' title='bbox 832 659 897 714; x_wconf 80' lang='lat' dir='ltr'><strong>ipse</strong></span> <span class='ocrx_word' id='word_1_18' title='bbox 911 637 1052 699; x_wconf 87' lang='lat' dir='ltr'><strong>Isocrates</strong></span> <span class='ocrx_word' id='word_1_19' title='bbox 1065 635 1191 742; x_wconf 73' lang='lat' dir='ltr'><strong>Euegor.</strong></span> <span class='ocrx_word' id='word_1_20' title='bbox 1209 660 1236 700; x_wconf 80' lang='lat' dir='ltr'><strong>c.</strong></span> <span class='ocrx_word' id='word_1_21' title='bbox 1253 645 1305 700; x_wconf 76' lang='grc'><strong>23.</strong></span> 
     </span>
     <span class='ocr_line' id='line_1_4' title="bbox 232 703 1305 832; baseline -0.007 -43"><span class='ocrx_word' id='word_1_22' title='bbox 232 731 284 802; x_wconf 95' lang='lat' dir='ltr'><strong>(p</strong></span> <span class='ocrx_word' id='word_1_23' title='bbox 305 733 378 832; x_wconf 59' lang='lat'><strong>203.</strong></span> <span class='ocrx_word' id='word_1_24' title='bbox 398 724 517 800; x_wconf 84' lang='lat' dir='ltr'><strong>Stepls.)</strong></span> <span class='ocrx_word' id='word_1_25' title='bbox 543 703 742 806; x_wconf 73' lang='lat' dir='ltr'><strong>Eduytlpotdd</strong></span> <span class='ocrx_word' id='word_1_26' title='bbox 763 716 972 828; x_wconf 68' lang='grc' dir='ltr'><strong><em>πολεμΙσοις(</em></strong></span> <span class='ocrx_word' id='word_1_27' title='bbox 957 717 1176 800; x_wconf 73' lang='grc' dir='ltr'><strong>(βασιλεὺς)’</strong></span> <span class='ocrx_word' id='word_1_28' title='bbox 1157 743 1209 800; x_wconf 81' lang='grc' dir='ltr'><strong>ειη</strong></span> <span class='ocrx_word' id='word_1_29' title='bbox 1233 720 1305 783; x_wconf 77' lang='grc' dir='ltr'><strong><em>δέκα</em></strong></span> 
     </span>
    </p>
   </div>
   <div class='ocr_carea' id='block_1_3' title="bbox 140 791 1304 891">
    <p class='ocr_par' dir='ltr' id='par_1_3' title="bbox 140 791 1304 891">
     <span class='ocr_line' id='line_1_5' title="bbox 140 791 1304 891; baseline -0.003 -19"><span class='ocrx_word' id='word_1_30' title='bbox 140 883 141 891; x_wconf 19' lang='lat'>¹</span> <span class='ocrx_word' id='word_1_31' title='bbox 233 813 296 872; x_wconf 70' lang='lat' dir='ltr'><strong>‘tols</strong></span> <span class='ocrx_word' id='word_1_32' title='bbox 317 807 419 871; x_wconf 67' lang='lat' dir='ltr'><strong>atlsu&#39;lv</strong></span> <span class='ocrx_word' id='word_1_33' title='bbox 449 803 554 885; x_wconf 64' lang='lat' dir='ltr'><strong>utlplol&#39;</strong></span> <span class='ocrx_word' id='word_1_34' title='bbox 584 805 740 868; x_wconf 52' lang='lat' dir='ltr'><strong>&amp;Midum</strong></span> <span class='ocrx_word' id='word_1_35' title='bbox 768 791 866 888; x_wconf 71' lang='grc' dir='ltr'><strong>ὧνπέρ</strong></span> <span class='ocrx_word' id='word_1_36' title='bbox 888 831 926 886; x_wconf 65' lang='grc' dir='ltr'><strong>ην</strong></span> <span class='ocrx_word' id='word_1_37' title='bbox 948 807 999 868; x_wconf 72' lang='lat' dir='ltr'><strong>nal</strong></span> <span class='ocrx_word' id='word_1_38' title='bbox 1019 805 1089 887; x_wconf 62' lang='grc' dir='ltr'><strong>πρὶν</strong></span> <span class='ocrx_word' id='word_1_39' title='bbox 1110 805 1157 878; x_wconf 70' lang='grc' dir='ltr'><strong>Εἷς</strong></span> <span class='ocrx_word' id='word_1_40' title='bbox 1172 829 1225 868; x_wconf 74' lang='lat' dir='ltr'><strong>tos</strong></span> <span class='ocrx_word' id='word_1_41' title='bbox 1247 801 1304 868; x_wconf 75' lang='lat' dir='ltr'><strong>ml·</strong></span> 
     </span>
    </p>
   </div>
   <div class='ocr_carea' id='block_1_4' title="bbox 201 893 1330 1900">
    <p class='ocr_par' dir='ltr' id='par_1_4' title="bbox 201 893 1330 1900">
     <span class='ocr_line' id='line_1_6' title="bbox 233 893 1313 972; baseline -0.004 -16"><span class='ocrx_word' id='word_1_42' title='bbox 233 897 325 972; x_wconf 81' lang='grc' dir='ltr'><strong><em>λεμον</em></strong></span> <span class='ocrx_word' id='word_1_43' title='bbox 355 893 607 954; x_wconf 63' lang='lat' dir='ltr'><strong>liestmonam</strong></span> <span class='ocrx_word' id='word_1_44' title='bbox 636 895 749 968; x_wconf 87' lang='lat' dir='ltr'><strong>reliqua</strong></span> <span class='ocrx_word' id='word_1_45' title='bbox 784 893 869 952; x_wconf 80' lang='lat' dir='ltr'><strong>facile</strong></span> <span class='ocrx_word' id='word_1_46' title='bbox 907 894 1050 954; x_wconf 83' lang='lat' dir='ltr'><strong>illustrari</strong></span> <span class='ocrx_word' id='word_1_47' title='bbox 1083 913 1143 952; x_wconf 87' lang='lat' dir='ltr'><strong>nou</strong></span> <span class='ocrx_word' id='word_1_48' title='bbox 1175 903 1313 968; x_wconf 49' lang='lat' dir='ltr'><strong>possunt,</strong></span> 
     </span>
     <span class='ocr_line' id='line_1_7' title="bbox 233 971 1306 1060; baseline 0 -22"><span class='ocrx_word' id='word_1_49' title='bbox 233 979 318 1060; x_wconf 82' lang='lat' dir='ltr'><strong>Quae</strong></span> <span class='ocrx_word' id='word_1_50' title='bbox 340 977 530 1039; x_wconf 86' lang='lat' dir='ltr'><strong>Diodorusl.</strong></span> <span class='ocrx_word' id='word_1_51' title='bbox 551 979 575 1038; x_wconf 85' lang='lat' dir='ltr'><strong>l.</strong></span> <span class='ocrx_word' id='word_1_52' title='bbox 596 988 692 1036; x_wconf 78' lang='lat' dir='ltr'><strong>namet</strong></span> <span class='ocrx_word' id='word_1_53' title='bbox 711 999 764 1052; x_wconf 92' lang='lat' dir='ltr'><strong>per</strong></span> <span class='ocrx_word' id='word_1_54' title='bbox 785 971 977 1054; x_wconf 76' lang='grc' dir='ltr'><strong><em>ἐποικάληψιν</em></strong></span> <span class='ocrx_word' id='word_1_55' title='bbox 1006 977 1174 1038; x_wconf 79' lang='lat' dir='ltr'><strong>historicam</strong></span> <span class='ocrx_word' id='word_1_56' title='bbox 1195 999 1306 1054; x_wconf 86' lang='lat' dir='ltr'><strong>eorum,</strong></span> 
     </span>
     <span class='ocr_line' id='line_1_8' title="bbox 233 1063 1306 1140; baseline 0 -18"><span class='ocrx_word' id='word_1_57' title='bbox 233 1085 307 1140; x_wconf 84' lang='lat' dir='ltr'><strong>quae</strong></span> <span class='ocrx_word' id='word_1_58' title='bbox 328 1064 441 1138; x_wconf 90' lang='lat' dir='ltr'><strong>sliquot</strong></span> <span class='ocrx_word' id='word_1_59' title='bbox 458 1065 539 1125; x_wconf 79' lang='lat' dir='ltr'><strong>suuis</strong></span> <span class='ocrx_word' id='word_1_60' title='bbox 560 1071 625 1122; x_wconf 85' lang='lat' dir='ltr'><strong>onte</strong></span> <span class='ocrx_word' id='word_1_61' title='bbox 645 1063 719 1122; x_wconf 81' lang='lat' dir='ltr'><strong>faeta</strong></span> <span class='ocrx_word' id='word_1_62' title='bbox 739 1063 869 1138; x_wconf 83' lang='lat' dir='ltr'><strong>luerent,</strong></span> <span class='ocrx_word' id='word_1_63' title='bbox 896 1065 937 1120; x_wconf 86' lang='lat' dir='ltr'><strong>ite</strong></span> <span class='ocrx_word' id='word_1_64' title='bbox 957 1072 990 1122; x_wconf 86' lang='lat' dir='ltr'><strong>ut</strong></span> <span class='ocrx_word' id='word_1_65' title='bbox 1009 1083 1044 1120; x_wconf 88' lang='lat' dir='ltr'><strong>ea</strong></span> <span class='ocrx_word' id='word_1_66' title='bbox 1065 1065 1228 1139; x_wconf 87' lang='lat' dir='ltr'><strong>repetierit,</strong></span> <span class='ocrx_word' id='word_1_67' title='bbox 1250 1085 1306 1138; x_wconf 89' lang='lat' dir='ltr'><strong>qno</strong></span> 
     </span>
     <span class='ocr_line' id='line_1_9' title="bbox 201 1147 1307 1224; baseline 0.002 -18"><span class='ocrx_word' id='word_1_68' title='bbox 201 1203 207 1215; x_wconf 66' lang='grc'>,</span> <span class='ocrx_word' id='word_1_69' title='bbox 232 1149 345 1215; x_wconf 80' lang='lat' dir='ltr'><strong>facilius</strong></span> <span class='ocrx_word' id='word_1_70' title='bbox 367 1151 491 1224; x_wconf 76' lang='lat' dir='ltr'><strong>origines</strong></span> <span class='ocrx_word' id='word_1_71' title='bbox 512 1157 598 1223; x_wconf 78' lang='lat' dir='ltr'><strong>atque</strong></span> <span class='ocrx_word' id='word_1_72' title='bbox 619 1167 720 1208; x_wconf 81' lang='lat' dir='ltr'><strong>cattsee</strong></span> <span class='ocrx_word' id='word_1_73' title='bbox 738 1147 808 1206; x_wconf 90' lang='lat' dir='ltr'><strong>belli</strong></span> <span class='ocrx_word' id='word_1_74' title='bbox 837 1149 961 1222; x_wconf 77' lang='lat' dir='ltr'><strong>perspici</strong></span> <span class='ocrx_word' id='word_1_75' title='bbox 990 1156 1125 1220; x_wconf 87' lang='lat' dir='ltr'><strong>possent,</strong></span> <span class='ocrx_word' id='word_1_76' title='bbox 1156 1157 1234 1207; x_wconf 89' lang='lat' dir='ltr'><strong>recte</strong></span> <span class='ocrx_word' id='word_1_77' title='bbox 1255 1169 1307 1208; x_wconf 86' lang='lat' dir='ltr'><strong>ex·</strong></span> 
     </span>
     <span class='ocr_line' id='line_1_10' title="bbox 232 1229 1307 1308; baseline -0.001 -16"><span class='ocrx_word' id='word_1_78' title='bbox 232 1233 332 1308; x_wconf 80' lang='lat' dir='ltr'><strong>plicuit</strong></span> <span class='ocrx_word' id='word_1_79' title='bbox 344 1231 571 1306; x_wconf 87' lang='lat' dir='ltr'><strong>Verpoortenius</strong></span> <span class='ocrx_word' id='word_1_80' title='bbox 591 1233 621 1290; x_wconf 93' lang='lat' dir='ltr'><strong>in</strong></span> <span class='ocrx_word' id='word_1_81' title='bbox 637 1230 791 1294; x_wconf 82' lang='lat' dir='ltr'><strong>Dissertat.</strong></span> <span class='ocrx_word' id='word_1_82' title='bbox 813 1231 850 1290; x_wconf 89' lang='lat' dir='ltr'><strong>de</strong></span> <span class='ocrx_word' id='word_1_83' title='bbox 871 1253 959 1307; x_wconf 70' lang='lat' dir='ltr'><strong>regno</strong></span> <span class='ocrx_word' id='word_1_84' title='bbox 981 1229 1138 1290; x_wconf 85' lang='lat' dir='ltr'><strong>Salaminio</strong></span> <span class='ocrx_word' id='word_1_85' title='bbox 1158 1233 1188 1292; x_wconf 89' lang='lat' dir='ltr'><strong>in</strong></span> <span class='ocrx_word' id='word_1_86' title='bbox 1208 1229 1307 1308; x_wconf 86' lang='lat' dir='ltr'><strong>Cypro</strong></span> 
     </span>
     <span class='ocr_line' id='line_1_11' title="bbox 234 1312 1304 1392; baseline -0.001 -15"><span class='ocrx_word' id='word_1_87' title='bbox 234 1323 308 1392; x_wconf 81' lang='lat' dir='ltr'><strong>(ctu.</strong></span> <span class='ocrx_word' id='word_1_88' title='bbox 327 1315 392 1378; x_wconf 88' lang='lat' dir='ltr'><strong>lob.</strong></span> <span class='ocrx_word' id='word_1_89' title='bbox 403 1315 454 1377; x_wconf 88' lang='lat' dir='ltr'><strong>Fr.</strong></span> <span class='ocrx_word' id='word_1_90' title='bbox 467 1315 596 1378; x_wconf 85' lang='lat' dir='ltr'><strong>Fischer.</strong></span> <span class='ocrx_word' id='word_1_91' title='bbox 606 1314 691 1390; x_wconf 86' lang='lat' dir='ltr'><strong>Lips.</strong></span> <span class='ocrx_word' id='word_1_92' title='bbox 710 1320 816 1384; x_wconf 81' lang='lat'>1779.)</span> <span class='ocrx_word' id='word_1_93' title='bbox 832 1318 890 1374; x_wconf 91' lang='lat' dir='ltr'><strong>iam</strong></span> <span class='ocrx_word' id='word_1_94' title='bbox 907 1313 1185 1391; x_wconf 82' lang='lat' dir='ltr'><strong>euim&#39;Olympiedis</strong></span> <span class='ocrx_word' id='word_1_95' title='bbox 1201 1312 1304 1376; x_wconf 84' lang='lat' dir='ltr'>XCV.</span> 
     </span>
     <span class='ocr_line' id='line_1_12' title="bbox 233 1397 1306 1476; baseline 0.001 -15"><span class='ocrx_word' id='word_1_96' title='bbox 233 1421 307 1462; x_wconf 88' lang='lat' dir='ltr'><strong>anno</strong></span> <span class='ocrx_word' id='word_1_97' title='bbox 334 1401 458 1461; x_wconf 88' lang='lat' dir='ltr'><strong>secunde</strong></span> <span class='ocrx_word' id='word_1_98' title='bbox 484 1421 538 1460; x_wconf 84' lang='lat' dir='ltr'><strong>rex</strong></span> <span class='ocrx_word' id='word_1_99' title='bbox 567 1411 638 1460; x_wconf 82' lang='lat' dir='ltr'><strong>eret.</strong></span> <span class='ocrx_word' id='word_1_100' title='bbox 697 1398 881 1476; x_wconf 75' lang='lat' dir='ltr'><strong>Olympiadis</strong></span> <span class='ocrx_word' id='word_1_101' title='bbox 908 1397 1040 1461; x_wconf 84' lang='lat' dir='ltr'><strong>xcvll.</strong></span> <span class='ocrx_word' id='word_1_102' title='bbox 1076 1419 1150 1458; x_wconf 76' lang='lat' dir='ltr'><strong>atino</strong></span> <span class='ocrx_word' id='word_1_103' title='bbox 1180 1399 1306 1462; x_wconf 82' lang='lat' dir='ltr'><strong>secrmde</strong></span> 
     </span>
     <span class='ocr_line' id='line_1_13' title="bbox 233 1481 1330 1578; baseline -0.002 -34"><span class='ocrx_word' id='word_1_104' title='bbox 233 1507 322 1562; x_wconf 81' lang='lat' dir='ltr'><strong>qsrmn</strong></span> <span class='ocrx_word' id='word_1_105' title='bbox 341 1487 434 1546; x_wconf 88' lang='lat' dir='ltr'><strong>solam</strong></span> <span class='ocrx_word' id='word_1_106' title='bbox 455 1482 630 1578; x_wconf 61' lang='lat' dir='ltr'><strong>Salaminem</strong></span> <span class='ocrx_word' id='word_1_107' title='bbox 651 1494 779 1560; x_wconf 83' lang='lat' dir='ltr'><strong>teneret,</strong></span> <span class='ocrx_word' id='word_1_108' title='bbox 807 1486 925 1560; x_wconf 83' lang='lat' dir='ltr'><strong>reliquis</strong></span> <span class='ocrx_word' id='word_1_109' title='bbox 948 1481 1039 1560; x_wconf 82' lang='lat' dir='ltr'><strong>Cypri</strong></span> <span class='ocrx_word' id='word_1_110' title='bbox 1059 1484 1177 1542; x_wconf 84' lang='lat' dir='ltr'><strong>urbibus</strong></span> <span class='ocrx_word' id='word_1_111' title='bbox 1198 1484 1307 1542; x_wconf 90' lang='lat' dir='ltr'><strong>bellum</strong></span> <span class='ocrx_word' id='word_1_112' title='bbox 1327 1548 1330 1555; x_wconf 55' lang='grc'><em>,</em></span> 
     </span>
     <span class='ocr_line' id='line_1_14' title="bbox 233 1569 1308 1646; baseline -0.004 -16"><span class='ocrx_word' id='word_1_113' title='bbox 233 1571 366 1630; x_wconf 82' lang='lat' dir='ltr'><strong>intulisse</strong></span> <span class='ocrx_word' id='word_1_114' title='bbox 384 1571 515 1646; x_wconf 89' lang='lat' dir='ltr'><strong>ridetur,</strong></span> <span class='ocrx_word' id='word_1_115' title='bbox 544 1590 664 1644; x_wconf 84' lang='lat' dir='ltr'><strong>qttarttm</strong></span> <span class='ocrx_word' id='word_1_116' title='bbox 684 1570 749 1628; x_wconf 83' lang='lat' dir='ltr'><strong>aliis</strong></span> <span class='ocrx_word' id='word_1_117' title='bbox 770 1571 929 1643; x_wconf 84' lang='lat' dir='ltr'><strong>persrrssit,</strong></span> <span class='ocrx_word' id='word_1_118' title='bbox 960 1570 1032 1628; x_wconf 85' lang='lat' dir='ltr'><strong>elias</strong></span> <span class='ocrx_word' id='word_1_119' title='bbox 1053 1569 1139 1630; x_wconf 83' lang='lat' dir='ltr'><strong>armis</strong></span> <span class='ocrx_word' id='word_1_120' title='bbox 1160 1570 1254 1643; x_wconf 71' lang='lat' dir='ltr'><strong>coligit</strong></span> <span class='ocrx_word' id='word_1_121' title='bbox 1274 1579 1308 1628; x_wconf 86' lang='lat' dir='ltr'><strong>ut</strong></span> 
     </span>
     <span class='ocr_line' id='line_1_15' title="bbox 233 1649 1307 1730; baseline -0.003 -16"><span class='ocrx_word' id='word_1_122' title='bbox 233 1657 355 1730; x_wconf 88' lang='lat' dir='ltr'><strong>imperio</strong></span> <span class='ocrx_word' id='word_1_123' title='bbox 375 1675 427 1718; x_wconf 88' lang='lat' dir='ltr'><strong>suo</strong></span> <span class='ocrx_word' id='word_1_124' title='bbox 446 1675 477 1714; x_wconf 87' lang='lat' dir='ltr'><strong>se</strong></span> <span class='ocrx_word' id='word_1_125' title='bbox 499 1655 686 1729; x_wconf 82' lang='lat' dir='ltr'><strong>subiicerent3</strong></span> <span class='ocrx_word' id='word_1_126' title='bbox 726 1653 869 1728; x_wconf 78' lang='lat' dir='ltr'><strong>expeditio</strong></span> <span class='ocrx_word' id='word_1_127' title='bbox 890 1663 986 1712; x_wconf 87' lang='lat' dir='ltr'><strong>eutem</strong></span> <span class='ocrx_word' id='word_1_128' title='bbox 1006 1649 1183 1712; x_wconf 79' lang='lat' dir='ltr'><strong>Artaxerxis</strong></span> <span class='ocrx_word' id='word_1_129' title='bbox 1205 1653 1307 1713; x_wconf 87' lang='lat' dir='ltr'><strong>adrer-</strong></span> 
     </span>
     <span class='ocr_line' id='line_1_16' title="bbox 235 1735 1323 1814; baseline -0.004 -14"><span class='ocrx_word' id='word_1_130' title='bbox 235 1759 285 1802; x_wconf 87' lang='lat' dir='ltr'><strong>sus</strong></span> <span class='ocrx_word' id='word_1_131' title='bbox 305 1743 401 1814; x_wconf 89' lang='lat' dir='ltr'><strong>ipsum</strong></span> <span class='ocrx_word' id='word_1_132' title='bbox 421 1741 513 1798; x_wconf 84' lang='lat' dir='ltr'><strong>serius</strong></span> <span class='ocrx_word' id='word_1_133' title='bbox 533 1741 648 1798; x_wconf 87' lang='lat' dir='ltr'><strong>initium</strong></span> <span class='ocrx_word' id='word_1_134' title='bbox 665 1735 756 1812; x_wconf 82' lang='lat' dir='ltr'><strong>cepit,</strong></span> <span class='ocrx_word' id='word_1_135' title='bbox 783 1749 868 1812; x_wconf 84' lang='lat' dir='ltr'><strong>atque</strong></span> <span class='ocrx_word' id='word_1_136' title='bbox 888 1737 996 1795; x_wconf 90' lang='lat' dir='ltr'><strong>bellum</strong></span> <span class='ocrx_word' id='word_1_137' title='bbox 1017 1755 1106 1810; x_wconf 88' lang='lat' dir='ltr'><strong>usque</strong></span> <span class='ocrx_word' id='word_1_138' title='bbox 1128 1737 1164 1796; x_wconf 89' lang='lat' dir='ltr'><strong>ad</strong></span> <span class='ocrx_word' id='word_1_139' title='bbox 1184 1737 1323 1796; x_wconf 80' lang='lat' dir='ltr'><strong>medium·</strong></span> 
     </span>
     <span class='ocr_line' id='line_1_17' title="bbox 236 1819 1322 1900; baseline 0 -18"><span class='ocrx_word' id='word_1_140' title='bbox 236 1821 442 1900; x_wconf 77' lang='lat' dir='ltr'><strong>Olympiadem</strong></span> <span class='ocrx_word' id='word_1_141' title='bbox 469 1825 650 1882; x_wconf 75' lang='lat' dir='ltr'><strong>centesimam</strong></span> <span class='ocrx_word' id='word_1_142' title='bbox 678 1833 792 1898; x_wconf 79' lang='lat' dir='ltr'><strong>gestum</strong></span> <span class='ocrx_word' id='word_1_143' title='bbox 820 1832 874 1880; x_wconf 85' lang='lat' dir='ltr'><strong>est.</strong></span> <span class='ocrx_word' id='word_1_144' title='bbox 926 1819 1013 1899; x_wconf 83' lang='lat' dir='ltr'><strong>Quod</strong></span> <span class='ocrx_word' id='word_1_145' title='bbox 1044 1831 1079 1880; x_wconf 87' lang='lat' dir='ltr'><strong>ut</strong></span> <span class='ocrx_word' id='word_1_146' title='bbox 1107 1821 1322 1898; x_wconf 72' lang='lat' dir='ltr'><strong>demonstrem,</strong></span> 
     </span>
    </p>
   </div>
   <div class='ocr_carea' id='block_1_5' title="bbox 234 1904 1407 1982">
    <p class='ocr_par' dir='ltr' id='par_1_5' title="bbox 234 1904 1407 1982">
     <span class='ocr_line' id='line_1_18' title="bbox 234 1904 1407 1982; baseline -0.001 -15"><span class='ocrx_word' id='word_1_147' title='bbox 234 1909 300 1968; x_wconf 85' lang='lat' dir='ltr'><strong>loco</strong></span> <span class='ocrx_word' id='word_1_148' title='bbox 321 1907 450 1968; x_wconf 80' lang='lat' dir='ltr'><strong>historici</strong></span> <span class='ocrx_word' id='word_1_149' title='bbox 469 1918 534 1969; x_wconf 85' lang='lat' dir='ltr'><strong>trtar</strong></span> <span class='ocrx_word' id='word_1_150' title='bbox 550 1908 596 1966; x_wconf 92' lang='lat' dir='ltr'><strong>illi</strong></span> <span class='ocrx_word' id='word_1_151' title='bbox 614 1909 700 1966; x_wconf 87' lang='lat' dir='ltr'><strong>aetati</strong></span> <span class='ocrx_word' id='word_1_152' title='bbox 721 1908 861 1980; x_wconf 83' lang='lat' dir='ltr'><strong>proximi,</strong></span> <span class='ocrx_word' id='word_1_153' title='bbox 884 1904 1080 1982; x_wconf 85' lang='lat' dir='ltr'><strong>Theopompi,</strong></span> <span class='ocrx_word' id='word_1_154' title='bbox 1103 1906 1138 1966; x_wconf 90' lang='lat' dir='ltr'><strong>de</strong></span> <span class='ocrx_word' id='word_1_155' title='bbox 1160 1928 1217 1981; x_wconf 83' lang='lat' dir='ltr'><strong>qrto</strong></span> <span class='ocrx_word' id='word_1_156' title='bbox 1239 1906 1309 1969; x_wconf 87' lang='lat' dir='ltr'><strong>lreec</strong></span> <span class='ocrx_word' id='word_1_157' title='bbox 1404 1952 1407 1956; x_wconf 77' lang='lat'>·</span> 
     </span>
    </p>
   </div>
   <div class='ocr_carea' id='block_1_6' title="bbox 228 1988 1308 2163">
    <p class='ocr_par' dir='ltr' id='par_1_6' title="bbox 228 1988 1308 2163">
     <span class='ocr_line' id='line_1_19' title="bbox 234 1988 1307 2064; baseline 0.002 -12"><span class='ocrx_word' id='word_1_158' title='bbox 234 1993 335 2052; x_wconf 87' lang='lat' dir='ltr'><strong>retulit</strong></span> <span class='ocrx_word' id='word_1_159' title='bbox 359 1991 478 2052; x_wconf 82' lang='lat' dir='ltr'><strong>Plotius</strong></span> <span class='ocrx_word' id='word_1_160' title='bbox 498 1991 640 2052; x_wconf 85' lang='lat' dir='ltr'><strong>Biblioth.</strong></span> <span class='ocrx_word' id='word_1_161' title='bbox 663 1990 724 2052; x_wconf 86' lang='lat' dir='ltr'><strong>cod.</strong></span> <span class='ocrx_word' id='word_1_162' title='bbox 747 1988 924 2052; x_wconf 78' lang='lat' dir='ltr'>CLXXVI.</span> <span class='ocrx_word' id='word_1_163' title='bbox 945 2012 985 2064; x_wconf 85' lang='lat' dir='ltr'><strong>p··</strong></span> <span class='ocrx_word' id='word_1_164' title='bbox 998 1996 1072 2053; x_wconf 79' lang='grc'><strong>389.</strong></span> <span class='ocrx_word' id='word_1_165' title='bbox 1093 1991 1131 2049; x_wconf 90' lang='lat' dir='ltr'><strong>ed</strong></span> <span class='ocrx_word' id='word_1_166' title='bbox 1150 1989 1307 2054; x_wconf 84' lang='lat' dir='ltr'><strong>Hoeschel.</strong></span> 
     </span>
     <span class='ocr_line' id='line_1_20' title="bbox 228 2069 1308 2163; baseline -0.003 -26"><span class='ocrx_word' id='word_1_167' title='bbox 228 2071 481 2156; x_wconf 69' lang='grc' dir='ltr'><strong>Ἀνεγνώσθησον</strong></span> <span class='ocrx_word' id='word_1_168' title='bbox 505 2069 689 2153; x_wconf 80' lang='grc' dir='ltr'><strong><em>Θεοπόμπου</em></strong></span> <span class='ocrx_word' id='word_1_169' title='bbox 717 2069 800 2154; x_wconf 75' lang='grc' dir='ltr'><strong><em>λόγοι</em></strong></span> <span class='ocrx_word' id='word_1_170' title='bbox 823 2071 971 2163; x_wconf 74' lang='grc' dir='ltr'><strong>ῖοτοιιιιιοιΙ</strong></span> <span class='ocrx_word' id='word_1_171' title='bbox 988 2076 1026 2150; x_wconf 66' lang='lat'><strong>⁶).</strong></span> <span class='ocrx_word' id='word_1_172' title='bbox 1069 2071 1253 2154; x_wconf 73' lang='grc' dir='ltr'><strong>πεντήκοντα</strong></span> <span class='ocrx_word' id='word_1_173' title='bbox 1275 2072 1308 2135; x_wconf 75' lang='lat' dir='ltr'><strong>lt</strong></span> 
     </span>
    </p>
   </div>
   <div class='ocr_carea' id='block_1_7' title="bbox 268 2253 1309 2867">
    <p class='ocr_par' dir='ltr' id='par_1_7' title="bbox 268 2253 1309 2867">
     <span class='ocr_line' id='line_1_21' title="bbox 268 2253 1307 2327; baseline -0.005 -13"><span class='ocrx_word' id='word_1_174' title='bbox 268 2259 297 2327; x_wconf 81' lang='lat' dir='ltr'><strong>u)</strong></span> <span class='ocrx_word' id='word_1_175' title='bbox 316 2262 421 2325; x_wconf 80' lang='lat' dir='ltr'><strong>Scripsit</strong></span> <span class='ocrx_word' id='word_1_176' title='bbox 444 2263 621 2325; x_wconf 88' lang='lat' dir='ltr'><strong>Theopompus</strong></span> <span class='ocrx_word' id='word_1_177' title='bbox 650 2254 778 2318; x_wconf 79' lang='grc' dir='ltr'><strong><em>σύνταξιν</em></strong></span> <span class='ocrx_word' id='word_1_178' title='bbox 793 2253 956 2324; x_wconf 75' lang='grc' dir='ltr'><em>Ἑλληνικῶν</em></span> <span class='ocrx_word' id='word_1_179' title='bbox 978 2259 1053 2309; x_wconf 84' lang='lat' dir='ltr'><strong>libris</strong></span> <span class='ocrx_word' id='word_1_180' title='bbox 1069 2261 1133 2310; x_wconf 79' lang='lat' dir='ltr'><strong>xit.</strong></span> <span class='ocrx_word' id='word_1_181' title='bbox 1160 2269 1307 2322; x_wconf 77' lang='lat' dir='ltr'><strong>contentam,</strong></span> 
     </span>
     <span class='ocr_line' id='line_1_22' title="bbox 301 2329 1308 2392; baseline -0.001 -13"><span class='ocrx_word' id='word_1_182' title='bbox 301 2331 329 2379; x_wconf 89' lang='lat' dir='ltr'><strong>in</strong></span> <span class='ocrx_word' id='word_1_183' title='bbox 343 2347 392 2392; x_wconf 89' lang='lat' dir='ltr'><strong>qna</strong></span> <span class='ocrx_word' id='word_1_184' title='bbox 409 2331 453 2380; x_wconf 88' lang='lat' dir='ltr'><strong>ubi</strong></span> <span class='ocrx_word' id='word_1_185' title='bbox 471 2331 580 2380; x_wconf 73' lang='lat' dir='ltr'><strong>desierat</strong></span> <span class='ocrx_word' id='word_1_186' title='bbox 597 2330 760 2390; x_wconf 83' lang='lat' dir='ltr'><strong>Thucydides</strong></span> <span class='ocrx_word' id='word_1_187' title='bbox 784 2329 842 2378; x_wconf 87' lang='lat' dir='ltr'><strong>inde</strong></span> <span class='ocrx_word' id='word_1_188' title='bbox 860 2343 966 2380; x_wconf 86' lang='lat' dir='ltr'><strong>exorsos</strong></span> <span class='ocrx_word' id='word_1_189' title='bbox 983 2337 1063 2378; x_wconf 88' lang='lat' dir='ltr'><strong>estet</strong></span> <span class='ocrx_word' id='word_1_190' title='bbox 1080 2331 1246 2390; x_wconf 84' lang='lat' dir='ltr'><strong>septendecim</strong></span> <span class='ocrx_word' id='word_1_191' title='bbox 1265 2345 1308 2378; x_wconf 86' lang='lat' dir='ltr'><strong>au·</strong></span> 
     </span>
     <span class='ocr_line' id='line_1_23' title="bbox 302 2393 1308 2511; baseline 0 -65"><span class='ocrx_word' id='word_1_192' title='bbox 302 2411 391 2447; x_wconf 87' lang='lat' dir='ltr'><strong>norum</strong></span> <span class='ocrx_word' id='word_1_193' title='bbox 407 2398 535 2446; x_wconf 80' lang='lat' dir='ltr'><strong>historiam</strong></span> <span class='ocrx_word' id='word_1_194' title='bbox 553 2393 846 2511; x_wconf 65' lang='lat' dir='ltr'><strong>enarravit,2(1)iodor,</strong></span> <span class='ocrx_word' id='word_1_195' title='bbox 868 2398 919 2444; x_wconf 85' lang='lat' dir='ltr'><strong>Sic.</strong></span> <span class='ocrx_word' id='word_1_196' title='bbox 942 2398 1019 2446; x_wconf 84' lang='lat' dir='ltr'><strong>xltt.</strong></span> <span class='ocrx_word' id='word_1_197' title='bbox 1038 2396 1081 2446; x_wconf 78' lang='grc'><strong>42.</strong></span> <span class='ocrx_word' id='word_1_198' title='bbox 1100 2397 1174 2450; x_wconf 87' lang='lat' dir='ltr'><strong>XIV</strong></span> <span class='ocrx_word' id='word_1_199' title='bbox 1192 2396 1308 2458; x_wconf 81' lang='lat' dir='ltr'><strong>85.us·)</strong></span> 
     </span>
     <span class='ocr_line' id='line_1_24' title="bbox 302 2465 1308 2544; baseline 0 -32"><span class='ocrx_word' id='word_1_200' title='bbox 302 2465 836 2546; x_wconf 43' lang='lat' dir='ltr'><strong>queadOlymp.XCV1.s2·ex.quo</strong></span> <span class='ocrx_word' id='word_1_201' title='bbox 860 2465 927 2516; x_wconf 92' lang='lat' dir='ltr'><strong>libro</strong></span> <span class='ocrx_word' id='word_1_202' title='bbox 945 2479 1001 2512; x_wconf 86' lang='lat' dir='ltr'><strong>esse</strong></span> <span class='ocrx_word' id='word_1_203' title='bbox 1015 2475 1145 2544; x_wconf 68' lang='lat' dir='ltr'><strong>nequeunt</strong></span> <span class='ocrx_word' id='word_1_204' title='bbox 1162 2481 1225 2528; x_wconf 82' lang='lat' dir='ltr'><strong>qaae</strong></span> <span class='ocrx_word' id='word_1_205' title='bbox 1242 2467 1308 2513; x_wconf 90' lang='lat' dir='ltr'><strong>Pbo-</strong></span> 
     </span>
     <span class='ocr_line' id='line_1_25' title="bbox 301 2531 1309 2595; baseline -0.001 -14"><span class='ocrx_word' id='word_1_206' title='bbox 301 2535 351 2581; x_wconf 86' lang='lat' dir='ltr'><strong>tius</strong></span> <span class='ocrx_word' id='word_1_207' title='bbox 369 2533 458 2595; x_wconf 81' lang='lat' dir='ltr'><strong>aliert·</strong></span> <span class='ocrx_word' id='word_1_208' title='bbox 481 2531 576 2580; x_wconf 86' lang='lat' dir='ltr'><strong>indicat</strong></span> <span class='ocrx_word' id='word_1_209' title='bbox 593 2531 659 2579; x_wconf 83' lang='lat' dir='ltr'><strong>eninr</strong></span> <span class='ocrx_word' id='word_1_210' title='bbox 677 2545 739 2592; x_wconf 84' lang='lat' dir='ltr'><strong>opas</strong></span> <span class='ocrx_word' id='word_1_211' title='bbox 754 2531 830 2578; x_wconf 87' lang='lat' dir='ltr'><strong>trium</strong></span> <span class='ocrx_word' id='word_1_212' title='bbox 846 2541 872 2580; x_wconf 90' lang='lat' dir='ltr'><strong>et</strong></span> <span class='ocrx_word' id='word_1_213' title='bbox 889 2533 1064 2594; x_wconf 83' lang='lat' dir='ltr'><strong>quinquaginta</strong></span> <span class='ocrx_word' id='word_1_214' title='bbox 1078 2533 1199 2582; x_wconf 90' lang='lat' dir='ltr'><strong>librorum</strong></span> <span class='ocrx_word' id='word_1_215' title='bbox 1216 2543 1242 2582; x_wconf 92' lang='lat' dir='ltr'><strong>et</strong></span> <span class='ocrx_word' id='word_1_216' title='bbox 1259 2533 1309 2581; x_wconf 83' lang='lat' dir='ltr'><strong>elis</strong></span> 
     </span>
     <span class='ocr_line' id='line_1_26' title="bbox 302 2598 1306 2664; baseline 0.002 -16"><span class='ocrx_word' id='word_1_217' title='bbox 302 2599 465 2664; x_wconf 78' lang='lat' dir='ltr'><strong>inscriptione</strong></span> <span class='ocrx_word' id='word_1_218' title='bbox 488 2599 640 2662; x_wconf 80' lang='lat' dir='ltr'><strong>insignitum.</strong></span> <span class='ocrx_word' id='word_1_219' title='bbox 682 2598 865 2660; x_wconf 78' lang='lat' dir='ltr'><strong>Intelligendus</strong></span> <span class='ocrx_word' id='word_1_220' title='bbox 893 2601 969 2662; x_wconf 73' lang='lat' dir='ltr'><strong>igitur</strong></span> <span class='ocrx_word' id='word_1_221' title='bbox 994 2609 1032 2648; x_wconf 87' lang='lat' dir='ltr'><strong>est</strong></span> <span class='ocrx_word' id='word_1_222' title='bbox 1054 2602 1122 2650; x_wconf 82' lang='lat' dir='ltr'><strong>liber</strong></span> <span class='ocrx_word' id='word_1_223' title='bbox 1145 2601 1306 2650; x_wconf 82' lang='lat' dir='ltr'><strong>duodecimus</strong></span> 
     </span>
     <span class='ocr_line' id='line_1_27' title="bbox 303 2668 1308 2748; baseline 0.002 -32"><span class='ocrx_word' id='word_1_224' title='bbox 303 2683 390 2718; x_wconf 86' lang='lat' dir='ltr'><strong>eorum</strong></span> <span class='ocrx_word' id='word_1_225' title='bbox 406 2682 469 2748; x_wconf 81' lang='lat' dir='ltr'><strong>qttos</strong></span> <span class='ocrx_word' id='word_1_226' title='bbox 486 2669 661 2748; x_wconf 75' lang='lat' dir='ltr'><strong>Theopompus</strong></span> <span class='ocrx_word' id='word_1_227' title='bbox 677 2675 810 2730; x_wconf 85' lang='lat' dir='ltr'><strong>praeterea</strong></span> <span class='ocrx_word' id='word_1_228' title='bbox 826 2668 982 2747; x_wconf 81' lang='lat' dir='ltr'><strong>conscripsit,</strong></span> <span class='ocrx_word' id='word_1_229' title='bbox 999 2668 1052 2716; x_wconf 84' lang='lat' dir='ltr'><strong>eius</strong></span> <span class='ocrx_word' id='word_1_230' title='bbox 1072 2669 1155 2731; x_wconf 88' lang='lat' dir='ltr'><strong>operis</strong></span> <span class='ocrx_word' id='word_1_231' title='bbox 1171 2669 1262 2730; x_wconf 85' lang='lat' dir='ltr'><strong>qaod&#39;</strong></span> <span class='ocrx_word' id='word_1_232' title='bbox 1253 2684 1308 2730; x_wconf 80' lang='lat' dir='ltr'><strong>ipse</strong></span> 
     </span>
     <span class='ocr_line' id='line_1_28' title="bbox 302 2729 1308 2814; baseline 0.002 -30"><span class='ocrx_word' id='word_1_233' title='bbox 302 2731 455 2803; x_wconf 81' lang='grc' dir='ltr'><strong><em>ἱστορικοὺς</em></strong></span> <span class='ocrx_word' id='word_1_234' title='bbox 471 2729 594 2801; x_wconf 75' lang='grc' dir='ltr'><strong><em>Ιόγους’</em></strong></span> <span class='ocrx_word' id='word_1_235' title='bbox 585 2735 742 2796; x_wconf 80' lang='lat' dir='ltr'><strong>inscripsisse</strong></span> <span class='ocrx_word' id='word_1_236' title='bbox 759 2735 865 2794; x_wconf 84' lang='lat' dir='ltr'><strong>videtur,</strong></span> <span class='ocrx_word' id='word_1_237' title='bbox 884 2737 1008 2796; x_wconf 87' lang='lat' dir='ltr'><strong>seriores,</strong></span> <span class='ocrx_word' id='word_1_238' title='bbox 1026 2752 1098 2798; x_wconf 86' lang='lat' dir='ltr'><strong>quum</strong></span> <span class='ocrx_word' id='word_1_239' title='bbox 1116 2736 1250 2814; x_wconf 85' lang='lat' dir='ltr'><strong>praecipue</strong></span> <span class='ocrx_word' id='word_1_240' title='bbox 1267 2752 1308 2786; x_wconf 88' lang='lat' dir='ltr'><strong>res</strong></span> 
     </span>
     <span class='ocr_line' id='line_1_29' title="bbox 302 2797 1306 2867; baseline -0.001 -14"><span class='ocrx_word' id='word_1_241' title='bbox 302 2805 441 2867; x_wconf 85' lang='lat' dir='ltr'><strong>Philippi</strong></span> <span class='ocrx_word' id='word_1_242' title='bbox 431 2821 459 2852; x_wconf 91' lang='lat' dir='ltr'><strong>m</strong></span> <span class='ocrx_word' id='word_1_243' title='bbox 477 2818 509 2853; x_wconf 85' lang='lat' dir='ltr'><strong>eo</strong></span> <span class='ocrx_word' id='word_1_244' title='bbox 527 2813 733 2865; x_wconf 74' lang='lat' dir='ltr'><strong>persequeretur,</strong></span> <span class='ocrx_word' id='word_1_245' title='bbox 763 2798 933 2854; x_wconf 74' lang='grc' dir='ltr'><strong><em>Φιλιππικὸν</em></strong></span> <span class='ocrx_word' id='word_1_246' title='bbox 949 2808 991 2852; x_wconf 84' lang='lat' dir='ltr'><strong>vel</strong></span> <span class='ocrx_word' id='word_1_247' title='bbox 1011 2797 1164 2851; x_wconf 68' lang='grc' dir='ltr'><strong><em>Φιλιππικοὶ</em></strong></span> <span class='ocrx_word' id='word_1_248' title='bbox 1182 2807 1306 2853; x_wconf 85' lang='lat' dir='ltr'><strong>dixerunt.</strong></span> 
     </span>
    </p>
   </div>
   <div class='ocr_carea' id='block_1_8' title="bbox 302 2871 1393 2934">
    <p class='ocr_par' dir='ltr' id='par_1_8' title="bbox 302 2871 1393 2934">
     <span class='ocr_line' id='line_1_30' title="bbox 302 2871 1393 2934; baseline 0 -14"><span class='ocrx_word' id='word_1_249' title='bbox 302 2873 355 2921; x_wconf 78' lang='lat' dir='ltr'><strong>Sed</strong></span> <span class='ocrx_word' id='word_1_250' title='bbox 373 2883 544 2934; x_wconf 84' lang='lat' dir='ltr'><strong>praeterquam</strong></span> <span class='ocrx_word' id='word_1_251' title='bbox 562 2874 628 2934; x_wconf 80' lang='lat' dir='ltr'><strong>qnod</strong></span> <span class='ocrx_word' id='word_1_252' title='bbox 646 2875 678 2919; x_wconf 89' lang='lat' dir='ltr'><strong>de</strong></span> <span class='ocrx_word' id='word_1_253' title='bbox 694 2885 795 2919; x_wconf 88' lang='lat' dir='ltr'><strong>numero</strong></span> <span class='ocrx_word' id='word_1_254' title='bbox 814 2871 933 2919; x_wconf 81' lang='lat' dir='ltr'><strong>librorum</strong></span> <span class='ocrx_word' id='word_1_255' title='bbox 957 2873 1072 2920; x_wconf 81' lang='lat' dir='ltr'><strong>diversae</strong></span> <span class='ocrx_word' id='word_1_256' title='bbox 1088 2881 1144 2921; x_wconf 87' lang='lat' dir='ltr'><strong>sunt</strong></span> <span class='ocrx_word' id='word_1_257' title='bbox 1160 2872 1307 2932; x_wconf 82' lang='lat' dir='ltr'><strong>sentcntiae,</strong></span> <span class='ocrx_word' id='word_1_258' title='bbox 1387 2923 1393 2930; x_wconf 72' lang='grc'><strong>,</strong></span> 
     </span>
    </p>
   </div>
   <div class='ocr_carea' id='block_1_9' title="bbox 238 2938 1308 4352">
    <p class='ocr_par' dir='ltr' id='par_1_9' title="bbox 303 2938 1308 3014">
     <span class='ocr_line' id='line_1_31' title="bbox 303 2938 1308 3014; baseline -0.001 -23"><span class='ocrx_word' id='word_1_259' title='bbox 303 2942 343 2991; x_wconf 81' lang='grc' dir='ltr'><strong>ΙιΙε</strong></span> <span class='ocrx_word' id='word_1_260' title='bbox 360 2955 457 3002; x_wconf 77' lang='lat' dir='ltr'><strong>quoquo</strong></span> <span class='ocrx_word' id='word_1_261' title='bbox 481 2940 668 2990; x_wconf 82' lang='lat' dir='ltr'><strong>difficultatibus</strong></span> <span class='ocrx_word' id='word_1_262' title='bbox 686 2938 728 2986; x_wconf 91' lang='lat' dir='ltr'><strong>hic</strong></span> <span class='ocrx_word' id='word_1_263' title='bbox 744 2938 862 2998; x_wconf 81' lang='lat' dir='ltr'><strong>impliciti</strong></span> <span class='ocrx_word' id='word_1_264' title='bbox 879 2953 961 2988; x_wconf 87' lang='lat' dir='ltr'><strong>sumus</strong></span> <span class='ocrx_word' id='word_1_265' title='bbox 970 2973 978 3001; x_wconf 94' lang='lat'><strong>,</strong></span> <span class='ocrx_word' id='word_1_266' title='bbox 1012 2940 1119 3001; x_wconf 85' lang='lat' dir='ltr'><strong>primum</strong></span> <span class='ocrx_word' id='word_1_267' title='bbox 1135 2941 1226 3014; x_wconf 77' lang='lat' dir='ltr'><strong>quod</strong></span> <span class='ocrx_word' id='word_1_268' title='bbox 1217 2955 1244 2988; x_wconf 89' lang='grc' dir='ltr'><strong>ιιι</strong></span> <span class='ocrx_word' id='word_1_269' title='bbox 1260 2943 1308 2990; x_wconf 90' lang='lat' dir='ltr'><strong>boo</strong></span> 
     </span>
    </p>

    <p class='ocr_par' dir='ltr' id='par_1_10' title="bbox 302 3005 1308 3474">
     <span class='ocr_line' id='line_1_32' title="bbox 303 3005 1307 3069; baseline 0.005 -16.087"><span class='ocrx_word' id='word_1_270' title='bbox 303 3021 381 3069; x_wconf 87' lang='lat' dir='ltr'><strong>opera</strong></span> <span class='ocrx_word' id='word_1_271' title='bbox 398 3011 586 3068; x_wconf 80' lang='lat' dir='ltr'><strong>Theopompum</strong></span> <span class='ocrx_word' id='word_1_272' title='bbox 610 3008 641 3054; x_wconf 87' lang='lat' dir='ltr'><strong>ab</strong></span> <span class='ocrx_word' id='word_1_273' title='bbox 668 3005 825 3066; x_wconf 82' lang='lat' dir='ltr'><strong>Olympiadis</strong></span> <span class='ocrx_word' id='word_1_274' title='bbox 850 3007 951 3068; x_wconf 78' lang='lat' dir='ltr'><strong>quintae</strong></span> <span class='ocrx_word' id='word_1_275' title='bbox 969 3016 995 3056; x_wconf 84' lang='lat' dir='ltr'><strong>et</strong></span> <span class='ocrx_word' id='word_1_276' title='bbox 1012 3010 1160 3058; x_wconf 82' lang='lat' dir='ltr'><strong>centesimae</strong></span> <span class='ocrx_word' id='word_1_277' title='bbox 1183 3022 1248 3058; x_wconf 86' lang='lat' dir='ltr'><strong>enno</strong></span> <span class='ocrx_word' id='word_1_278' title='bbox 1265 3023 1307 3058; x_wconf 87' lang='lat' dir='ltr'><strong>se·</strong></span> 
     </span>
     <span class='ocr_line' id='line_1_33' title="bbox 304 3072 1307 3137; baseline 0.002 -15"><span class='ocrx_word' id='word_1_279' title='bbox 304 3077 383 3126; x_wconf 89' lang='lat' dir='ltr'><strong>cundo</strong></span> <span class='ocrx_word' id='word_1_280' title='bbox 400 3089 517 3124; x_wconf 83' lang='lat' dir='ltr'><strong>exorsum</strong></span> <span class='ocrx_word' id='word_1_281' title='bbox 537 3088 593 3122; x_wconf 88' lang='lat' dir='ltr'><strong>esse</strong></span> <span class='ocrx_word' id='word_1_282' title='bbox 610 3073 670 3122; x_wconf 86' lang='lat' dir='ltr'><strong>dicit</strong></span> <span class='ocrx_word' id='word_1_283' title='bbox 687 3073 812 3120; x_wconf 85' lang='lat' dir='ltr'><strong>Diodorus</strong></span> <span class='ocrx_word' id='word_1_284' title='bbox 830 3072 881 3122; x_wconf 85' lang='lat' dir='ltr'><strong>Sic.</strong></span> <span class='ocrx_word' id='word_1_285' title='bbox 899 3075 989 3124; x_wconf 81' lang='lat' dir='ltr'>XVII.</span> <span class='ocrx_word' id='word_1_286' title='bbox 1006 3079 1032 3126; x_wconf 88' lang='grc'><strong>3.</strong></span> <span class='ocrx_word' id='word_1_287' title='bbox 1058 3077 1148 3126; x_wconf 86' lang='lat' dir='ltr'><strong>deiude</strong></span> <span class='ocrx_word' id='word_1_288' title='bbox 1165 3078 1232 3137; x_wconf 85' lang='lat' dir='ltr'><strong>qaod</strong></span> <span class='ocrx_word' id='word_1_289' title='bbox 1249 3077 1307 3124; x_wconf 86' lang='lat' dir='ltr'><strong>Me·</strong></span> 
     </span>
     <span class='ocr_line' id='line_1_34' title="bbox 303 3139 1307 3206; baseline 0.002 -16"><span class='ocrx_word' id='word_1_290' title='bbox 303 3145 428 3206; x_wconf 83' lang='lat' dir='ltr'><strong>nophsues</strong></span> <span class='ocrx_word' id='word_1_291' title='bbox 445 3143 535 3190; x_wconf 88' lang='lat' dir='ltr'><strong>librum</strong></span> <span class='ocrx_word' id='word_1_292' title='bbox 557 3139 728 3190; x_wconf 85' lang='lat' dir='ltr'><strong>duodecimum</strong></span> <span class='ocrx_word' id='word_1_293' title='bbox 754 3141 859 3200; x_wconf 88' lang='lat' dir='ltr'><strong>periisse</strong></span> <span class='ocrx_word' id='word_1_294' title='bbox 884 3142 995 3204; x_wconf 82' lang='lat' dir='ltr'><strong>dixerat,</strong></span> <span class='ocrx_word' id='word_1_295' title='bbox 1028 3147 1094 3205; x_wconf 80' lang='lat' dir='ltr'><strong>qtrod</strong></span> <span class='ocrx_word' id='word_1_296' title='bbox 1111 3145 1307 3206; x_wconf 83' lang='lat' dir='ltr'><strong>Wesselingium</strong></span> 
     </span>
     <span class='ocr_line' id='line_1_35' title="bbox 302 3207 1307 3288; baseline 0.002 -30"><span class='ocrx_word' id='word_1_297' title='bbox 302 3212 425 3272; x_wconf 80' lang='lat' dir='ltr'><strong>permovit</strong></span> <span class='ocrx_word' id='word_1_298' title='bbox 448 3219 475 3256; x_wconf 89' lang='lat' dir='ltr'><strong>ut</strong></span> <span class='ocrx_word' id='word_1_299' title='bbox 499 3210 531 3256; x_wconf 89' lang='lat' dir='ltr'><strong>ad</strong></span> <span class='ocrx_word' id='word_1_300' title='bbox 553 3208 660 3256; x_wconf 88' lang='lat' dir='ltr'><strong>Diodor.</strong></span> <span class='ocrx_word' id='word_1_301' title='bbox 679 3207 730 3255; x_wconf 80' lang='lat' dir='ltr'><strong>Sic.</strong></span> <span class='ocrx_word' id='word_1_302' title='bbox 749 3209 781 3256; x_wconf 78' lang='grc' dir='ltr'><strong>’.Ι</strong></span> <span class='ocrx_word' id='word_1_303' title='bbox 800 3211 822 3256; x_wconf 91' lang='grc' dir='ltr'><strong>Ι.</strong></span> <span class='ocrx_word' id='word_1_304' title='bbox 840 3224 866 3288; x_wconf 80' lang='lat' dir='ltr'><strong>p.</strong></span> <span class='ocrx_word' id='word_1_305' title='bbox 886 3211 946 3258; x_wconf 82' lang='grc'><strong>373.</strong></span> <span class='ocrx_word' id='word_1_306' title='bbox 972 3210 1108 3260; x_wconf 86' lang='lat' dir='ltr'><strong>scriberet:</strong></span> <span class='ocrx_word' id='word_1_307' title='bbox 1142 3213 1224 3274; x_wconf 81' lang='lat' dir='ltr'><strong>„Ego</strong></span> <span class='ocrx_word' id='word_1_308' title='bbox 1247 3227 1307 3260; x_wconf 77' lang='lat' dir='ltr'><strong>vero</strong></span> 
     </span>
     <span class='ocr_line' id='line_1_36' title="bbox 302 3275 1305 3342; baseline 0.002 -18"><span class='ocrx_word' id='word_1_309' title='bbox 302 3279 369 3325; x_wconf 78' lang='lat' dir='ltr'><strong>houd</strong></span> <span class='ocrx_word' id='word_1_310' title='bbox 393 3277 447 3325; x_wconf 91' lang='lat' dir='ltr'><strong>scio</strong></span> <span class='ocrx_word' id='word_1_311' title='bbox 471 3291 503 3324; x_wconf 87' lang='lat' dir='ltr'><strong>sn</strong></span> <span class='ocrx_word' id='word_1_312' title='bbox 525 3275 627 3325; x_wconf 84' lang='lat' dir='ltr'><strong>Photios</strong></span> <span class='ocrx_word' id='word_1_313' title='bbox 651 3275 710 3322; x_wconf 89' lang='lat' dir='ltr'><strong>libri</strong></span> <span class='ocrx_word' id='word_1_314' title='bbox 734 3275 809 3323; x_wconf 85' lang='lat' dir='ltr'><strong>tiutlo</strong></span> <span class='ocrx_word' id='word_1_315' title='bbox 833 3277 865 3324; x_wconf 88' lang='lat' dir='ltr'><strong>sit</strong></span> <span class='ocrx_word' id='word_1_316' title='bbox 889 3280 1014 3340; x_wconf 86' lang='lat' dir='ltr'><strong>deceptus.</strong></span> <span class='ocrx_word' id='word_1_317' title='bbox 1051 3279 1226 3342; x_wconf 74' lang='lat' dir='ltr'><strong>Theopompus</strong></span> <span class='ocrx_word' id='word_1_318' title='bbox 1242 3281 1305 3329; x_wconf 81' lang='lat' dir='ltr'><strong>xit.</strong></span> 
     </span>
     <span class='ocr_line' id='line_1_37' title="bbox 304 3338 1308 3428; baseline 0 -32"><span class='ocrx_word' id='word_1_319' title='bbox 304 3347 393 3396; x_wconf 73' lang='lat' dir='ltr'><strong>Graec.</strong></span> <span class='ocrx_word' id='word_1_320' title='bbox 412 3343 543 3393; x_wconf 82' lang='lat' dir='ltr'><strong>Historiae</strong></span> <span class='ocrx_word' id='word_1_321' title='bbox 560 3344 652 3392; x_wconf 87' lang='lat' dir='ltr'><strong>librum</strong></span> <span class='ocrx_word' id='word_1_322' title='bbox 670 3338 780 3392; x_wconf 80' lang='lat' dir='ltr'><strong>obsolvit</strong></span> <span class='ocrx_word' id='word_1_323' title='bbox 797 3345 885 3392; x_wconf 80' lang='lat' dir='ltr'><strong>naroli</strong></span> <span class='ocrx_word' id='word_1_324' title='bbox 882 3361 977 3408; x_wconf 82' lang='lat' dir='ltr'><strong>pugne</strong></span> <span class='ocrx_word' id='word_1_325' title='bbox 994 3347 1026 3394; x_wconf 88' lang='lat' dir='ltr'><strong>sd</strong></span> <span class='ocrx_word' id='word_1_326' title='bbox 1043 3347 1165 3428; x_wconf 73' lang='lat' dir='ltr'><strong>Cnidum,</strong></span> <span class='ocrx_word' id='word_1_327' title='bbox 1192 3361 1256 3410; x_wconf 85' lang='lat' dir='ltr'><strong>quae</strong></span> <span class='ocrx_word' id='word_1_328' title='bbox 1273 3363 1308 3396; x_wconf 84' lang='lat' dir='ltr'><strong>ex</strong></span> 
     </span>
     <span class='ocr_line' id='line_1_38' title="bbox 303 3411 1308 3478; baseline 0.002 -16"><span class='ocrx_word' id='word_1_329' title='bbox 303 3413 382 3462; x_wconf 84' lang='lat' dir='ltr'><strong>nostri</strong></span> <span class='ocrx_word' id='word_1_330' title='bbox 408 3413 510 3460; x_wconf 85' lang='lat' dir='ltr'><strong>calculis</strong></span> <span class='ocrx_word' id='word_1_331' title='bbox 537 3426 600 3461; x_wconf 78' lang='lat' dir='ltr'><strong>enno</strong></span> <span class='ocrx_word' id='word_1_332' title='bbox 626 3413 734 3460; x_wconf 86' lang='lat' dir='ltr'><strong>secundo</strong></span> <span class='ocrx_word' id='word_1_333' title='bbox 761 3411 862 3474; x_wconf 86' lang='lat' dir='ltr'><strong>Olymp.</strong></span> <span class='ocrx_word' id='word_1_334' title='bbox 880 3415 976 3462; x_wconf 85' lang='lat' dir='ltr'>XCVI.</span> <span class='ocrx_word' id='word_1_335' title='bbox 996 3415 1125 3466; x_wconf 84' lang='lat' dir='ltr'><strong>commissa</strong></span> <span class='ocrx_word' id='word_1_336' title='bbox 1152 3425 1199 3464; x_wconf 87' lang='lat' dir='ltr'><strong>est.</strong></span> <span class='ocrx_word' id='word_1_337' title='bbox 1235 3416 1308 3478; x_wconf 84' lang='lat' dir='ltr'><strong>Ortus</strong></span> 
     </span>
    </p>

    <p class='ocr_par' dir='ltr' id='par_1_11' title="bbox 238 3480 1306 3546">
     <span class='ocr_line' id='line_1_39' title="bbox 238 3480 1306 3546; baseline 0.003 -20"><span class='ocrx_word' id='word_1_338' title='bbox 238 3509 241 3516; x_wconf 69' lang='lat'><strong>,</strong></span> <span class='ocrx_word' id='word_1_339' title='bbox 303 3494 363 3528; x_wconf 81' lang='lat' dir='ltr'><strong>vero</strong></span> <span class='ocrx_word' id='word_1_340' title='bbox 387 3481 434 3528; x_wconf 90' lang='lat' dir='ltr'><strong>illo</strong></span> <span class='ocrx_word' id='word_1_341' title='bbox 457 3481 523 3529; x_wconf 88' lang='lat' dir='ltr'><strong>libro</strong></span> <span class='ocrx_word' id='word_1_342' title='bbox 541 3481 624 3539; x_wconf 72' lang='lat' dir='ltr'><strong>xis,</strong></span> <span class='ocrx_word' id='word_1_343' title='bbox 657 3493 729 3540; x_wconf 89' lang='lat' dir='ltr'><strong>quem</strong></span> <span class='ocrx_word' id='word_1_344' title='bbox 746 3480 890 3528; x_wconf 86' lang='lat' dir='ltr'><strong>Patriarcha</strong></span> <span class='ocrx_word' id='word_1_345' title='bbox 914 3483 1042 3542; x_wconf 82' lang='lat' dir='ltr'><strong>excerpsit</strong></span> <span class='ocrx_word' id='word_1_346' title='bbox 1069 3483 1125 3530; x_wconf 86' lang='lat' dir='ltr'><strong>cod.</strong></span> <span class='ocrx_word' id='word_1_347' title='bbox 1144 3483 1306 3546; x_wconf 86' lang='lat' dir='ltr'><strong>CLXXVI,</strong></span> 
     </span>
    </p>

    <p class='ocr_par' dir='ltr' id='par_1_12' title="bbox 285 3545 1308 4352">
     <span class='ocr_line' id='line_1_40' title="bbox 303 3545 1307 3610; baseline 0.005 -16"><span class='ocrx_word' id='word_1_348' title='bbox 303 3547 506 3608; x_wconf 84' lang='lat' dir='ltr'><strong>continebantur,</strong></span> <span class='ocrx_word' id='word_1_349' title='bbox 534 3547 614 3596; x_wconf 84' lang='lat' dir='ltr'><strong>omnia</strong></span> <span class='ocrx_word' id='word_1_350' title='bbox 631 3545 807 3608; x_wconf 84' lang='lat' dir='ltr'><strong>Olympiadem</strong></span> <span class='ocrx_word' id='word_1_351' title='bbox 826 3560 880 3596; x_wconf 87' lang='lat' dir='ltr'><strong>eam</strong></span> <span class='ocrx_word' id='word_1_352' title='bbox 898 3557 1064 3610; x_wconf 83' lang='lat' dir='ltr'><strong>exceperunt,</strong></span> <span class='ocrx_word' id='word_1_353' title='bbox 1089 3551 1167 3598; x_wconf 73' lang='lat' dir='ltr'><strong>soluti</strong></span> <span class='ocrx_word' id='word_1_354' title='bbox 1184 3565 1224 3598; x_wconf 82' lang='lat' dir='ltr'><strong>res</strong></span> <span class='ocrx_word' id='word_1_355' title='bbox 1241 3551 1307 3599; x_wconf 82' lang='lat' dir='ltr'><strong>Aoo·</strong></span> 
     </span>
     <span class='ocr_line' id='line_1_41' title="bbox 302 3615 1307 3678; baseline 0.003 -15"><span class='ocrx_word' id='word_1_356' title='bbox 302 3615 389 3663; x_wconf 79' lang='lat' dir='ltr'><strong>ritlis&#39;</strong></span> <span class='ocrx_word' id='word_1_357' title='bbox 381 3631 407 3662; x_wconf 87' lang='lat' dir='ltr'><strong>m</strong></span> <span class='ocrx_word' id='word_1_358' title='bbox 426 3615 544 3676; x_wconf 80' lang='lat' dir='ltr'><strong>Aegypto</strong></span> <span class='ocrx_word' id='word_1_359' title='bbox 569 3623 671 3677; x_wconf 79' lang='lat' dir='ltr'><strong>gestus,</strong></span> <span class='ocrx_word' id='word_1_360' title='bbox 705 3615 837 3676; x_wconf 83' lang='lat' dir='ltr'><strong>Etragorae</strong></span> <span class='ocrx_word' id='word_1_361' title='bbox 860 3617 956 3664; x_wconf 86' lang='lat' dir='ltr'><strong>illatam</strong></span> <span class='ocrx_word' id='word_1_362' title='bbox 981 3620 1012 3663; x_wconf 89' lang='lat' dir='ltr'><strong>ab</strong></span> <span class='ocrx_word' id='word_1_363' title='bbox 1035 3617 1182 3666; x_wconf 80' lang='lat' dir='ltr'><strong>Artaxerxe</strong></span> <span class='ocrx_word' id='word_1_364' title='bbox 1204 3620 1307 3678; x_wconf 85' lang='lat' dir='ltr'><strong>bellum,</strong></span> 
     </span>
     <span class='ocr_line' id='line_1_42' title="bbox 285 3683 1306 3745; baseline 0.004 -15"><span class='ocrx_word' id='word_1_365' title='bbox 285 3697 352 3744; x_wconf 18' lang='lat' dir='ltr'><strong>*pax</strong></span> <span class='ocrx_word' id='word_1_366' title='bbox 373 3683 523 3733; x_wconf 82' lang='lat' dir='ltr'><strong>Autslcidae</strong></span> <span class='ocrx_word' id='word_1_367' title='bbox 540 3692 566 3730; x_wconf 88' lang='lat' dir='ltr'><strong>et</strong></span> <span class='ocrx_word' id='word_1_368' title='bbox 583 3691 662 3732; x_wconf 86' lang='lat' dir='ltr'><strong>motus</strong></span> <span class='ocrx_word' id='word_1_369' title='bbox 679 3683 749 3742; x_wconf 86' lang='lat' dir='ltr'><strong>pacis</strong></span> <span class='ocrx_word' id='word_1_370' title='bbox 775 3683 829 3734; x_wconf 85' lang='lat' dir='ltr'><strong>eius</strong></span> <span class='ocrx_word' id='word_1_371' title='bbox 856 3697 930 3732; x_wconf 84' lang='lat' dir='ltr'><strong>censs</strong></span> <span class='ocrx_word' id='word_1_372' title='bbox 947 3699 992 3745; x_wconf 90' lang='lat' dir='ltr'><strong>per</strong></span> <span class='ocrx_word' id='word_1_373' title='bbox 1009 3686 1140 3734; x_wconf 82' lang='lat' dir='ltr'><strong>Graeciam</strong></span> <span class='ocrx_word' id='word_1_374' title='bbox 1157 3687 1206 3734; x_wconf 86' lang='lat' dir='ltr'><strong>orti</strong></span> <span class='ocrx_word' id='word_1_375' title='bbox 1224 3696 1250 3734; x_wconf 90' lang='lat' dir='ltr'><strong>et</strong></span> <span class='ocrx_word' id='word_1_376' title='bbox 1265 3701 1306 3734; x_wconf 89' lang='lat' dir='ltr'><strong>re-</strong></span> 
     </span>
     <span class='ocr_line' id='line_1_43' title="bbox 300 3750 1306 3812; baseline 0.004 -14"><span class='ocrx_word' id='word_1_377' title='bbox 300 3752 378 3811; x_wconf 87' lang='lat' dir='ltr'><strong>liqua.</strong></span> <span class='ocrx_word' id='word_1_378' title='bbox 414 3752 486 3798; x_wconf 84' lang='lat' dir='ltr'><strong>llaec</strong></span> <span class='ocrx_word' id='word_1_379' title='bbox 504 3750 668 3800; x_wconf 80' lang='lat' dir='ltr'><strong>Callisthenes</strong></span> <span class='ocrx_word' id='word_1_380' title='bbox 684 3750 756 3798; x_wconf 86' lang='lat' dir='ltr'><strong>libris</strong></span> <span class='ocrx_word' id='word_1_381' title='bbox 774 3753 834 3798; x_wconf 87' lang='lat' dir='ltr'><strong>Rer.</strong></span> <span class='ocrx_word' id='word_1_382' title='bbox 853 3753 1019 3812; x_wconf 73' lang='lat' dir='ltr'><strong>Graecarum,</strong></span> <span class='ocrx_word' id='word_1_383' title='bbox 1042 3763 1070 3800; x_wconf 91' lang='lat' dir='ltr'><strong>ut</strong></span> <span class='ocrx_word' id='word_1_384' title='bbox 1087 3763 1173 3802; x_wconf 80' lang='lat' dir='ltr'><strong>auctor</strong></span> <span class='ocrx_word' id='word_1_385' title='bbox 1192 3764 1306 3804; x_wconf 84' lang='lat' dir='ltr'><strong>extremo</strong></span> 
     </span>
     <span class='ocr_line' id='line_1_44' title="bbox 301 3813 1308 3882; baseline 0.002 -16"><span class='ocrx_word' id='word_1_386' title='bbox 301 3821 320 3866; x_wconf 91' lang='grc' dir='ltr'><strong>Ι.</strong></span> <span class='ocrx_word' id='word_1_387' title='bbox 339 3819 415 3867; x_wconf 83' lang='lat' dir='ltr'>XIV.</span> <span class='ocrx_word' id='word_1_388' title='bbox 432 3817 573 3879; x_wconf 78' lang='lat' dir='ltr'><strong>significat,</strong></span> <span class='ocrx_word' id='word_1_389' title='bbox 608 3821 752 3878; x_wconf 86' lang='lat' dir='ltr'><strong>complexus</strong></span> <span class='ocrx_word' id='word_1_390' title='bbox 769 3827 839 3878; x_wconf 90' lang='lat' dir='ltr'><strong>erat,</strong></span> <span class='ocrx_word' id='word_1_391' title='bbox 865 3833 914 3867; x_wconf 89' lang='grc' dir='ltr'><strong><em>ιιοιι</em></strong></span> <span class='ocrx_word' id='word_1_392' title='bbox 931 3813 1136 3882; x_wconf 82' lang='lat' dir='ltr'><strong>Theopompus.“</strong></span> <span class='ocrx_word' id='word_1_393' title='bbox 1170 3821 1220 3869; x_wconf 87' lang='lat' dir='ltr'><strong>Sed</strong></span> <span class='ocrx_word' id='word_1_394' title='bbox 1237 3831 1264 3870; x_wconf 90' lang='lat' dir='ltr'><strong>ut</strong></span> <span class='ocrx_word' id='word_1_395' title='bbox 1281 3829 1308 3868; x_wconf 86' lang='lat' dir='ltr'><strong>ut</strong></span> 
     </span>
     <span class='ocr_line' id='line_1_45' title="bbox 303 3885 1308 3950; baseline 0.002 -16"><span class='ocrx_word' id='word_1_396' title='bbox 303 3896 354 3947; x_wconf 89' lang='lat' dir='ltr'><strong>est,</strong></span> <span class='ocrx_word' id='word_1_397' title='bbox 387 3887 442 3935; x_wconf 82' lang='lat' dir='ltr'><strong>sive</strong></span> <span class='ocrx_word' id='word_1_398' title='bbox 461 3887 626 3934; x_wconf 84' lang='lat' dir='ltr'><strong>Callisthenes</strong></span> <span class='ocrx_word' id='word_1_399' title='bbox 650 3887 712 3932; x_wconf 88' lang='lat' dir='ltr'><strong>haee</strong></span> <span class='ocrx_word' id='word_1_400' title='bbox 731 3885 874 3948; x_wconf 85' lang='lat' dir='ltr'><strong>scripserit,</strong></span> <span class='ocrx_word' id='word_1_401' title='bbox 907 3886 977 3934; x_wconf 86' lang='lat' dir='ltr'><strong>cuius</strong></span> <span class='ocrx_word' id='word_1_402' title='bbox 1000 3887 1119 3936; x_wconf 83' lang='lat' dir='ltr'><strong>historica</strong></span> <span class='ocrx_word' id='word_1_403' title='bbox 1136 3899 1227 3950; x_wconf 81' lang='lat' dir='ltr'><strong>graece</strong></span> <span class='ocrx_word' id='word_1_404' title='bbox 1243 3891 1308 3937; x_wconf 87' lang='lat' dir='ltr'><strong>bene</strong></span> 
     </span>
     <span class='ocr_line' id='line_1_46' title="bbox 303 3954 1306 4018; baseline 0.007 -19"><span class='ocrx_word' id='word_1_405' title='bbox 303 3955 477 4016; x_wconf 75' lang='lat' dir='ltr'><strong>distinguenda</strong></span> <span class='ocrx_word' id='word_1_406' title='bbox 501 3963 557 4001; x_wconf 82' lang='lat' dir='ltr'><strong>sttnt</strong></span> <span class='ocrx_word' id='word_1_407' title='bbox 581 3954 613 4000; x_wconf 92' lang='lat' dir='ltr'><strong>ob</strong></span> <span class='ocrx_word' id='word_1_408' title='bbox 638 3955 753 4000; x_wconf 73' lang='lat' dir='ltr'><strong>rimatont</strong></span> <span class='ocrx_word' id='word_1_409' title='bbox 776 3967 792 3999; x_wconf 89' lang='lat' dir='ltr'><strong>a</strong></span> <span class='ocrx_word' id='word_1_410' title='bbox 815 3955 920 4016; x_wconf 83' lang='lat' dir='ltr'><strong>reliquis</strong></span> <span class='ocrx_word' id='word_1_411' title='bbox 944 3955 998 4004; x_wconf 84' lang='lat' dir='ltr'><strong>eius</strong></span> <span class='ocrx_word' id='word_1_412' title='bbox 1023 3955 1139 4018; x_wconf 87' lang='lat' dir='ltr'><strong>scriptis,</strong></span> <span class='ocrx_word' id='word_1_413' title='bbox 1173 3957 1227 4006; x_wconf 87' lang='lat' dir='ltr'><strong>sire</strong></span> <span class='ocrx_word' id='word_1_414' title='bbox 1250 3957 1306 4018; x_wconf 84' lang='lat' dir='ltr'><strong>ipse</strong></span> 
     </span>
     <span class='ocr_line' id='line_1_47' title="bbox 303 4021 1305 4083; baseline 0.001 -13"><span class='ocrx_word' id='word_1_415' title='bbox 303 4023 478 4083; x_wconf 83' lang='lat' dir='ltr'><strong>Theopompus</strong></span> <span class='ocrx_word' id='word_1_416' title='bbox 501 4021 615 4070; x_wconf 78' lang='lat' dir='ltr'><strong>fortassis</strong></span> <span class='ocrx_word' id='word_1_417' title='bbox 640 4021 800 4078; x_wconf 81' lang='lat' dir='ltr'><strong>curatione,</strong></span> <span class='ocrx_word' id='word_1_418' title='bbox 832 4037 880 4082; x_wconf 83' lang='lat' dir='ltr'><strong>qus</strong></span> <span class='ocrx_word' id='word_1_419' title='bbox 897 4023 995 4072; x_wconf 87' lang='lat' dir='ltr'><strong>alibro</strong></span> <span class='ocrx_word' id='word_1_420' title='bbox 1012 4025 1084 4076; x_wconf 70' lang='lat' dir='ltr'><strong>xit.</strong></span> <span class='ocrx_word' id='word_1_421' title='bbox 1101 4027 1134 4072; x_wconf 87' lang='lat' dir='ltr'><strong>ed</strong></span> <span class='ocrx_word' id='word_1_422' title='bbox 1153 4027 1251 4074; x_wconf 83' lang='lat' dir='ltr'><strong>Xlel.</strong></span> <span class='ocrx_word' id='word_1_423' title='bbox 1268 4025 1305 4072; x_wconf 89' lang='lat' dir='ltr'><strong>lti-</strong></span> 
     </span>
     <span class='ocr_line' id='line_1_48' title="bbox 301 4088 1306 4154; baseline 0.002 -16"><span class='ocrx_word' id='word_1_424' title='bbox 301 4091 402 4138; x_wconf 85' lang='lat' dir='ltr'><strong>storiam</strong></span> <span class='ocrx_word' id='word_1_425' title='bbox 420 4091 529 4136; x_wconf 85' lang='lat' dir='ltr'><strong>Siculam</strong></span> <span class='ocrx_word' id='word_1_426' title='bbox 548 4089 621 4136; x_wconf 89' lang='lat' dir='ltr'><strong>rebus</strong></span> <span class='ocrx_word' id='word_1_427' title='bbox 639 4089 740 4148; x_wconf 77' lang='lat' dir='ltr'><strong>olymp.</strong></span> <span class='ocrx_word' id='word_1_428' title='bbox 760 4088 831 4136; x_wconf 80' lang='lat' dir='ltr'><strong>clx.</strong></span> <span class='ocrx_word' id='word_1_429' title='bbox 850 4089 925 4150; x_wconf 79' lang='lat' dir='ltr'><strong>gestis</strong></span> <span class='ocrx_word' id='word_1_430' title='bbox 941 4090 1063 4152; x_wconf 83' lang='lat' dir='ltr'><strong>inseruit,</strong></span> <span class='ocrx_word' id='word_1_431' title='bbox 1082 4093 1113 4141; x_wconf 80' lang='lat' dir='ltr'><strong>sb</strong></span> <span class='ocrx_word' id='word_1_432' title='bbox 1132 4091 1204 4142; x_wconf 89' lang='lat' dir='ltr'><strong>initio</strong></span> <span class='ocrx_word' id='word_1_433' title='bbox 1221 4103 1306 4154; x_wconf 85' lang='lat' dir='ltr'><strong>tyran-</strong></span> 
     </span>
     <span class='ocr_line' id='line_1_49' title="bbox 302 4155 1307 4240; baseline 0.001 -36"><span class='ocrx_word' id='word_1_434' title='bbox 302 4159 369 4204; x_wconf 86' lang='lat' dir='ltr'><strong>nidis</strong></span> <span class='ocrx_word' id='word_1_435' title='bbox 389 4156 554 4234; x_wconf 75' lang='lat' dir='ltr'><strong>Dionysiacos</strong></span> <span class='ocrx_word' id='word_1_436' title='bbox 573 4155 615 4202; x_wconf 88' lang='lat' dir='ltr'><strong>ot.</strong></span> <span class='ocrx_word' id='word_1_437' title='bbox 629 4155 733 4202; x_wconf 82' lang='lat' dir='ltr'><strong>xcnt.</strong></span> <span class='ocrx_word' id='word_1_438' title='bbox 756 4161 879 4215; x_wconf 84' lang='lat' dir='ltr'><strong>exorsus·</strong></span> <span class='ocrx_word' id='word_1_439' title='bbox 913 4167 994 4207; x_wconf 83' lang='lat' dir='ltr'><strong>tanton</strong></span> <span class='ocrx_word' id='word_1_440' title='bbox 1018 4159 1049 4206; x_wconf 86' lang='lat' dir='ltr'><strong>ab</strong></span> <span class='ocrx_word' id='word_1_441' title='bbox 1068 4167 1169 4209; x_wconf 82' lang='lat' dir='ltr'><strong>attolere</strong></span> <span class='ocrx_word' id='word_1_442' title='bbox 1193 4161 1307 4240; x_wconf 70' lang='lat' dir='ltr'><strong>proiectu</strong></span> 
     </span>
     <span class='ocr_line' id='line_1_50' title="bbox 303 4222 1308 4291; baseline 0.003 -20"><span class='ocrx_word' id='word_1_443' title='bbox 303 4233 360 4272; x_wconf 78' lang='lat' dir='ltr'><strong>stitit</strong></span> <span class='ocrx_word' id='word_1_444' title='bbox 384 4223 423 4271; x_wconf 88' lang='lat' dir='ltr'><strong>illi</strong></span> <span class='ocrx_word' id='word_1_445' title='bbox 441 4222 515 4270; x_wconf 82' lang='lat' dir='ltr'><strong>aetati</strong></span> <span class='ocrx_word' id='word_1_446' title='bbox 540 4222 642 4283; x_wconf 88' lang='lat' dir='ltr'><strong>propius</strong></span> <span class='ocrx_word' id='word_1_447' title='bbox 668 4223 766 4271; x_wconf 83' lang='lat' dir='ltr'><strong>vivente</strong></span> <span class='ocrx_word' id='word_1_448' title='bbox 790 4237 863 4284; x_wconf 87' lang='lat' dir='ltr'><strong>quem</strong></span> <span class='ocrx_word' id='word_1_449' title='bbox 881 4225 1023 4285; x_wconf 84' lang='lat' dir='ltr'><strong>Diodorus,</strong></span> <span class='ocrx_word' id='word_1_450' title='bbox 1057 4235 1084 4274; x_wconf 90' lang='lat' dir='ltr'><strong>et</strong></span> <span class='ocrx_word' id='word_1_451' title='bbox 1100 4243 1258 4291; x_wconf 82' lang='lat' dir='ltr'><strong>permagnum</strong></span> <span class='ocrx_word' id='word_1_452' title='bbox 1276 4227 1308 4274; x_wconf 84' lang='lat' dir='ltr'><strong>iis</strong></span> 
     </span>
     <span class='ocr_line' id='line_1_51' title="bbox 303 4288 950 4352; baseline 0 -13"><span class='ocrx_word' id='word_1_453' title='bbox 303 4293 372 4342; x_wconf 84' lang='lat' dir='ltr'><strong>uallo</strong></span> <span class='ocrx_word' id='word_1_454' title='bbox 389 4291 464 4340; x_wconf 88' lang='lat' dir='ltr'><strong>modo</strong></span> <span class='ocrx_word' id='word_1_455' title='bbox 480 4289 574 4352; x_wconf 83' lang='lat' dir='ltr'><strong>poterit</strong></span> <span class='ocrx_word' id='word_1_456' title='bbox 590 4288 710 4351; x_wconf 77' lang='lat' dir='ltr'><strong>denegari</strong></span> <span class='ocrx_word' id='word_1_457' title='bbox 729 4298 885 4340; x_wconf 83' lang='lat' dir='ltr'><strong>momentum.</strong></span> <span class='ocrx_word' id='word_1_458' title='bbox 946 4317 950 4327; x_wconf 93' lang='lat'>·</span> 
     </span>
    </p>
   </div>
   <div class='ocr_carea' id='block_1_10' title="bbox 0 0 1499 4992">
    <p class='ocr_par' dir='ltr' id='par_1_13' title="bbox 0 0 1499 4992">
     <span class='ocr_line' id='line_1_52' title="bbox 0 0 1499 4992; baseline 0 0"><span class='ocrx_word' id='word_1_459' title='bbox 0 0 1499 4992; x_wconf 95' lang='lat' dir='ltr'><strong> </strong></span> 
     </span>
    </p>
   </div>
  </div>
 </body>
</html>
