2984 4988
235 403 281 469 38
588 401 645 466 13
655 344 804 468 0}th
815 399 955 466 rolf:

236 579 414 671 συμμάχων
430 580 562 673 ὀλίγοις
581 581 848 673 παραλαβόντες,
871 577 917 662 ὡς
940 581 975 652 ἐν
996 587 1081 661 ταῖς.
1097 586 1224 662 οτενοῖς
1241 595 1313 650 icat-

235 685 388 765 λύσοντες
403 683 522 765 αὐτοὺς
539 685 727 776 περαιτέρω
748 687 948 774 προελθεῖν,
972 681 1004 751 οῖ
1019 680 1053 751 δ’
1074 677 1229 774 ἡμέτεροι
1243 710 1313 754 πα·
1350 695 1355 701 “

234 787 327 878 τέρες
348 783 405 854 ἐπ’
433 783 657 877 Ἀρτεμίσιον,
706 783 863 876 ἑξήκοντα
895 781 1042 874 τριήρεις
1076 783 1313 875 πληρώσαντες

203 917 230 960 οι
238 887 324 977 πρὸς
345 887 436 955 ἅπαν
459 887 498 956 τὸ
517 893 582 956 τῶν
607 886 778 972 πολεμίων
803 883 964 958 ναυτικόν.
1008 891 1112 955 ταῦτα
1136 889 1174 956 δὲ
1200 892 1313 956 ποιεῖν

236 1153 319 1200 rodat.
342 1149 405 1198 VII.
426 1150 486 1198 222.
520 1150 594 1198 vm.
618 1147 661 1198 25.
714 1148 754 1198 (ii.
823 1150 872 1210 90,
888 1149 916 1200 ,7.
928 1137 1070 1212 ἑξήκοντα]
1082 1145 1220 1194 Universae
1231 1147 1313 1196 lirae·

236 1217 355 1281 rl'lttteytl.
372 1217 421 1266 tv.
435 1216 463 1267 8.
479 1210 700 1283 Λακεδαιμόνιοι
717 1216 758 1265 ti·
790 1229 875 1265 eorum
892 1217 982 1277 classi,
1016 1217 1048 1262 ed
1072 1214 1235 1266 Artemisiam
1259 1218 1314 1264 ool·

236 1298 299 1336 κοσι
316 1283 362 1334 mut
379 1277 562 1352 τετρακόσιοι,
581 1285 627 1334 καὶ
642 1284 758 1340 Εἵλωτες
789 1289 885 1347 lectae,
911 1284 1075 1332 iuteriueruut
1093 1284 1143 1331 127
1163 1297 1239 1332 nutet
1263 1283 1313 1332 At·

238 1354 265 1404 οἱ
283 1353 346 1424 περὶ
364 1345 471 1407 αὐτούς.
505 1355 535 1401 Iu
551 1353 679 1402 Plutarchi
698 1353 757 1400 Ari·
790 1353 872 1413 tiore,
903 1353 1030 1400 Herodot.
1057 1351 1131 1400 Vlll.
1151 1353 1176 1400 1.
1202 1360 1244 1398 eut
1262 1349 1313 1399 lto

237 1423 304 1471 stide
322 1438 345 1469 ο.
365 1423 407 1470 11).
427 1423 459 1470 de
484 1421 611 1484 Spartanis
634 1421 757 1468 militibus
790 1420 863 1468 iuxta
890 1421 966 1468 Diod.
994 1419 1047 1468 Sic.
1072 1420 1124 1466 XI.
1151 1420 1193 1466 12.
1221 1419 1312 1481 quibus

239 1501 292 1552 est,
319 1475 359 1537 ὧν
375 1485 488 1545 ἕκαστος
504 1484 574 1538 ἑπτὰ
591 1489 655 1560 περὶ
673 1481 759 1536 αὑτὸν
789 1498 848 1550 post
870 1488 981 1551 priorem
1004 1502 1165 1550 congressum
1185 1487 1217 1534 ad
1234 1488 1311 1534 Arte-

237 1558 360 1613 Εῖλωτας
376 1548 439 1623 εἶχε.
479 1560 548 1605 Αι1ι1.
566 1559 635 1606 Xeu.
654 1559 757 1606 Hellen.
791 1557 886 1604 misiutu
903 1559 937 1604 53
963 1556 1097 1604 sttbmissue
1122 1562 1193 1615 suut,
1226 1555 1313 1604 Hero·-

237 1628 287 1676 vt.
304 1628 329 1688 ⁵,
348 1625 390 1674 28.
424 1626 512 1686 Neque
537 1641 596 1675 vero
620 1625 758 1673 mirandum
792 1627 846 1673 dot.
864 1623 941 1672 cll.
960 1625 1035 1671 Diod.
1054 1624 1105 1672 Sic.
1124 1625 1203 1670 α.13.
1239 1624 1311 1687 Quo·

239 1704 293 1757 est,
317 1710 376 1756 our,
395 1708 470 1756 quum
487 1694 561 1741 etiam
577 1696 608 1741 de
623 1695 757 1742 Helotiltut
791 1695 865 1742 modo
891 1707 951 1754 ergo
968 1694 1092 1742 Isocrates
1117 1692 1201 1738 dicere
1217 1691 1308 1752 potuit,

237 1764 361 1812 isocrates
377 1766 507 1823 loquatur,
527 1761 633 1822 dixerit,
660 1760 758 1808 miller
796 1752 927 1821 ἑξήκοντα
959 1750 1075 1827 τριήρεις
1106 1750 1309 1824 πληρώσαντεςί

239 1845 298 1880 suns
327 1829 487 1890 delegerunt,
512 1829 626 1891 qnoniam
650 1829 759 1876 Helotes
791 1829 831 1876 An
847 1829 905 1876 illes
923 1837 1016 1876 tanatum
1034 1828 1210 1890 quinquaginta
1223 1835 1248 1875 et
1258 1837 1311 1876 tres

237 1911 335 1960 quoque
353 1893 469 1944 dicuntur
486 1896 691 1954 Lacedaemonii,
714 1897 759 1944 iis·
792 1896 940 1957 submissas,
974 1898 1081 1945 rotundo
1108 1909 1213 1944 numero
1235 1909 1311 1943 sexe-

238 1981 286 2028 qoe
302 1967 327 2012 iu
344 1965 489 2014 recensione
514 1966 640 2012 exercitus
660 1965 698 2011 sio
716 1979 758 2010 en·
792 1963 875 2026 ginta,
895 1964 1045 2026 nominarit,
1070 1965 1175 2012 caeteris
1194 1963 1311 2012 omissis?

179 2060 187 2066 -
237 2043 409 2093 numeruntur,
446 2041 473 2079 ut
503 2031 707 2092 Lacedaemonii,
743 2045 759 2078 e
793 2033 866 2100 Quod
891 2032 914 2080 si
931 2033 966 2079 ita
984 2041 1036 2094 est,
1070 2042 1098 2080 ut
1115 2033 1228 2094 ridetur,
1263 2030 1312 2080 nisi

238 2115 343 2164 quorum
358 2114 459 2148 numero
475 2099 550 2148 etiam
567 2101 675 2148 Heloter
692 2107 757 2160 sunt,
790 2104 872 2150 locum
889 2110 1030 2162 corruptum
1046 2100 1210 2162 arbitremur,
1237 2099 1311 2148 nimis

238 2179 393 2230 opponuntur
409 2168 553 2230 Spartanis,
590 2168 705 2230 quisunt
721 2165 757 2213 ci·
790 2167 1000 2218 reoeaaitarero.
1013 2169 1118 2218 Munus.
1150 2169 1232 2234 Goray
1249 2171 1312 2216 hano

238 2249 282 2284 ves
298 2236 423 2297 Spartani.
457 2237 487 2282 Iu
501 2249 639 2298 quomrum
653 2234 757 2296 uulgum
791 2237 824 2283 ob
845 2251 899 2285 retu
916 2236 1025 2284 coniecit
1047 2237 1123 2284 rerba
1149 2235 1194 2283 troi
1213 2229 1312 2286 ἑκατὸν

186 2297 188 2300 ’
238 2314 276 2353 est
299 2309 370 2352 locus
396 2294 515 2366 Xenoph.
539 2305 642 2352 Hellen.
664 2303 712 2351 Vl.
730 2302 756 2363 t,
791 2318 847 2353 esse
865 2306 988 2352 addenda.
1025 2305 1076 2352 Sed
1099 2305 1210 2366 quamvis
1227 2319 1311 2352 uume-

239 2373 281 2421 15.
299 2373 342 2420 nbi
358 2380 486 2433 narratur,
507 2363 678 2438 συμπάντων
693 2371 758 2418 Λοι-
790 2387 833 2420 rus
866 2372 988 2420 facillime
1024 2373 1156 2433 depravari
1189 2372 1309 2437 potuerit,

238 2438 423 2505 ιιιιλιιιμονίων
451 2441 520 2488 milla
551 2439 659 2499 obiisse,
691 2437 758 2486 later
789 2440 937 2501 praesertim
959 2441 981 2488 si
999 2439 1071 2502 siglis
1095 2441 1199 2502 scriptus
1223 2449 1309 2502 esset;

238 2521 301 2569 quon
324 2508 416 2554 luerint
441 2506 615 2568 quadringenti
632 2506 755 2568 Spartani,
790 2515 873 2555 temen
898 2508 962 2554 nihil
995 2511 1133 2556 mittundum
1161 2523 1217 2557 esse
1240 2519 1310 2570 puto.

238 2570 318 2623 αὐτοὶ
350 2571 537 2640 Σπαρτιᾶται,
569 2573 653 2621 eires:
691 2575 757 2634 quod
790 2575 853 2622 Nam
879 2577 1012 2624 secuudum
1026 2578 1151 2625 llerodot.
1170 2577 1244 2624 vlit.
1272 2578 1309 2626 in.

238 2643 340 2704 egregie
357 2643 472 2690 convenit
485 2641 633 2690 Herodoteo
649 2643 707 2688 loco
725 2642 757 2688 de
790 2643 956 2692 Athenienses
978 2644 1108 2692 cxxvlt
1136 2658 1211 2692 naves
1236 2646 1311 2694 mise·

238 2711 351 2772 panibus
381 2710 496 2758 lumiliaa.
539 2707 655 2771 Denique
679 2708 756 2756 Diod.
791 2721 861 2772 rent,
887 2713 933 2760 sed
944 2727 984 2762 ex
1000 2713 1038 2760 his
1056 2727 1169 2774 maguum
1185 2727 1312 2762 numerum

239 2779 292 2828 stc.
311 2779 360 2826 xl.
381 2777 406 2826 t.
440 2780 471 2827 de
495 2779 544 2826 hou
559 2777 615 2839 ipso
640 2775 755 2839 proelior
790 2781 949 2828 Plataeeuses
980 2783 1182 2841 compleverant3
1217 2781 1311 2830 deinde

237 2843 469 2911 Λακεδαιμονίων
497 2844 599 2910 χίλιοι,
634 2844 681 2893 καὶ
705 2837 758 2893 σὺν
789 2861 866 2908 turc,
886 2856 914 2894 ut
928 2850 989 2909 hoc,
1012 2847 1038 2895 iu
1056 2861 1104 2909 quo
1121 2849 1257 2910 scriptores
1274 2849 1312 2896 uti

238 2911 330 2970 αὐτοῖς
346 2911 519 2980 Σπαρτιᾶται
533 2904 698 2978 τριακόσιαι,
714 2911 758 2960 uiti
791 2913 816 2962 iu
834 2916 946 2963 omnihus
971 2929 1035 2976 quae
1052 2918 1115 2962 haue
1129 2929 1237 2978 pugnam
1253 2930 1311 2978 spe·

237 2983 423 3042 Wesselingiua
441 2981 564 3042 ostendit,
591 2983 758 3028 Lacedaemo-
792 2991 873 3044 ctsnt‚
891 2997 939 3030 ucat
956 2982 1049 3043 optime
1066 2983 1236 3043 coneentiout,
1254 2985 1311 3030 mit-

238 3051 293 3098 uios
319 3059 345 3098 et
362 3051 496 3110 Spartanos
522 3057 548 3094 ut
565 3058 661 3108 purtem
677 3057 703 3095 et
719 3057 757 3096 to-
790 3059 855 3108 tam,
880 3050 987 3098 crutaris
1012 3051 1141 3098 consiliu·
1167 3053 1230 3100 adeo
1251 3067 1311 3100 con·

238 3127 289 3166 tum
308 3117 417 3164 differre.
453 3116 571 3163 Sescenti
591 3117 758 3163 Lacedaemo·
791 3119 903 3180 spicuam
920 3127 974 3176 est,
996 3128 1024 3165 ut
1041 3119 1073 3168 de
1090 3119 1224 3168 mutatione
1240 3119 1311 3182 eugi-

239 3185 274 3234 uii
299 3187 365 3246 apud
391 3183 478 3231 lustin.
496 3185 532 3230 ll.
555 3185 596 3242 11,
615 3181 656 3230 hl.
683 3183 758 3230 etiam
791 3186 838 3232 tari
863 3185 909 3232 vix
933 3185 1020 3247 possit.
1065 3186 1217 3246 Comparare
1244 3187 1311 3236 euim

238 3253 305 3301 cites
331 3261 357 3300 et
383 3253 491 3300 Helotes
522 3249 601 3298 inisse
633 3250 757 3299 ridentur.
790 3255 874 3300 studet
882 3251 1073 3302 Atheniensium
1087 3253 1311 3302 virtutemadAr·

238 3321 345 3367 Morus.
730 3359 736 3368 .
790 3321 916 3370 leunisium
932 3323 1081 3370 declaratam
1098 3337 1153 3369 aum
1169 3322 1311 3371 clarissimo

271 3388 320 3446 90,
339 3387 364 3434 ⁵.
381 3380 501 3449 ὀλίγους]
535 3387 607 3435 inere
623 3388 757 3434 secundnm
791 3387 1042 3437 lacedaemoniorum
1068 3391 1100 3436 ad
1125 3391 1311 3451 Thermopylas

237 3454 395 3502 Herodotum
411 3455 471 3504 vll.
497 3455 557 3501 222.
584 3452 757 3515 quadringenti
791 3457 858 3504 iacto
876 3455 1013 3516 (Herodot.
1031 3457 1107 3505 Vlll.
1126 3472 1149 3504 c.
1168 3455 1232 3520 tt.);
1251 3458 1312 3506 inde

238 3521 367 3582 Thebani,
402 3522 552 3583 septingenti
572 3522 756 3582 Thespieusea:
791 3533 874 3572 autem
890 3531 960 3586 patet
975 3531 1068 3572 tautum
1084 3527 1171 3574 abesae
1185 3525 1309 3586 uetuisse,

238 3605 293 3638 uem
310 3589 418 3650 reliqui,
443 3603 466 3636 c.
484 3590 544 3637 202.
561 3589 688 3649 nominati,
708 3589 757 3636 dii·
790 3601 819 3638 ut
835 3605 962 3639 numerum
977 3605 1047 3640 ruore
1070 3600 1198 3640 oratorum
1222 3597 1311 3653 ampli·

237 3659 365 3720 luget-aut,
390 3657 582 3706 u.21tt.1)icd.
602 3658 652 3704 xl.
670 3659 696 3718 9,
714 3655 758 3717 qui
789 3657 893 3720 licaiet,
926 3668 955 3706 ut
976 3673 1119 3708 tte-verum
1143 3659 1246 3723 quidem
1269 3673 1311 3710 re·

238 3729 305 3774 solos
330 3724 499 3784 'l'haspienaes
523 3725 642 3773 meurisse
664 3732 757 3772 narrat.
792 3735 922 3784 censeret,
946 3727 991 3774 sed
1008 3727 1147 3786 minueret,
1173 3741 1223 3789 quo
1241 3729 1311 3782 itote

237 3793 304 3840 Ante
333 3793 457 3841 sociorum
490 3794 574 3855 fugam
611 3801 758 3854 superarent
789 3794 890 3842 lucilius
913 3809 968 3840 rum
992 3807 1072 3856 parvo
1098 3795 1311 3846 Lacedaemonio-

237 3875 356 3908 summam
389 3867 494 3922 quatuor
525 3859 646 3920 millium,
684 3873 758 3921 quem
790 3877 846 3909 rum
869 3863 901 3909 ad
918 3861 1101 3924 Thermopylas
1124 3876 1226 3913 numero
1250 3877 1311 3912 eou-

237 3929 315 3978 Diod.
334 3928 385 3976 Sic.
402 3929 453 3977 Xl.
470 3928 496 3978 4.
513 3937 539 3977 et
556 3928 645 3977 lustin.
662 3928 698 3974 11.
715 3930 757 3974 11.
790 3929 853 3978 ierri
871 3939 964 3992 postet.
987 3930 1089 3980 Sroau.
1179 3953 1183 3968 ·

237 3996 294 4046 init.
318 3999 424 4044 rotunde
450 3996 542 4058 posuit.
583 3998 624 4044 De
656 4008 758 4044 numero
825 3999 876 4057 90,
892 3996 919 4046 8.
945 3988 1021 4046 ἅπαν
1044 4021 1080 4035 --
1104 3990 1245 4062 ναυτικόν]
1276 4000 1309 4048 Io

238 4065 429 4127 Thespiensium
454 4079 503 4114 nou
525 4074 620 4113 temere
636 4063 759 4112 dubitarit
791 4064 879 4114 Autid.
895 4066 960 4114 God.
976 4065 1065 4114 Ambr.
1090 4061 1256 4129 pretiatur,
1285 4073 1312 4115 et

239 4135 393 4183 Valckenar.
419 4133 453 4179 sd
475 4131 601 4181 Herodet.
617 4132 679 4182 vn.
700 4132 760 4181 202.
791 4135 952 4182 Laurentia
975 4134 1025 4182 flue
1048 4143 1105 4196 post
1125 4129 1255 4184 ναυτικόν
1271 4135 1312 4182 ia·

238 4201 348 4250 Morus.
791 4207 879 4250 terunt
891 4216 918 4249 r.
930 4195 1074 4263 ἀπήντων,
1093 4211 1224 4265 utrumque
1236 4205 1311 4264 mab,

272 4269 321 4329 ⁹⁰,
346 4269 374 4316 ti.
399 4256 559 4336 προελθεῖν]
593 4264 760 4330 προσελθεῖν
792 4269 951 4332 aptioribm
967 4270 1099 4332 rmtitnu
1115 4285 1131 4318 ι
1144 4271 1257 4331 nirano,
1275 4269 1313 4318 uti

239 4349 278 4398 pr·
292 4337 361 4384 ‘Uria
567 4395 573 4410 .
791 4333 844 4388 λιιι
863 4332 980 4388 ommni
993 4336 1068 4390 attit-
1090 4338 1191 4388 Stoar.
