2982 4992
169 1281 719 1374 Annuueurun
765 1233 1241 1380 rnnnormcr
1309 1223 1314 1270 ³

673 1461 740 1515 ΕΤ

302 1599 494 1674 urus
562 1597 1104 1678 nescnrrrro

516 2067 889 2132 EXORDIUM.

170 2207 356 2314 Quanquam
378 2233 454 2310 aprrd
482 2254 535 2292 nos
557 2237 607 2310 qui
628 2239 754 2311 consonis
775 2236 884 2295 viribus
905 2257 1058 2312 eannnque
1078 2236 1241 2314 specimini-

168 2322 222 2380 bus
244 2319 391 2378 delestaut'
406 2321 541 2394 praemiis
572 2323 665 2378 ornari
693 2321 803 2394 solent,
840 2339 933 2393 neque
961 2341 1028 2380 vera
1057 2327 1106 2396 qui
1134 2327 1242 2403 ingenii

168 2406 278 2464 viribus
306 2407 350 2462 rei
379 2405 510 2478 publicae
538 2404 675 2478 prodesse
704 2405 834 2479 studeut3
873 2415 966 2463 tamen
999 2408 1149 2466 consilium
1177 2411 1240 2484 cepi

168 2487 311 2563 hurtaudi,
332 2499 365 2546 ut
385 2490 494 2548 bellum
515 2487 610 2547 Persis
629 2491 782 2548 inseramus
804 2498 833 2546 et
851 2489 925 2547 inter
944 2508 997 2547 nos
1018 2494 1238 2552 consentiamus.

253 2570 342 2631 Multi
364 2574 480 2648 quidem
506 2575 613 2631 iamin
635 2573 736 2632 eodem
758 2583 926 2648 argrrmento
947 2577 1051 2633 versati
1071 2587 1152 2659 sunt,
1187 2577 1240 2636 sed
1322 2586 1323 2590 ’

170 2679 257 2732 quum
285 2679 387 2732 perum
415 2667 493 2716 recte
523 2659 553 2714 in
581 2678 615 2715 eo
643 2659 869 2733 elaboraverint,
905 2667 934 2716 et
964 2659 1064 2718 eedem
1084 2681 1131 2720 res
1152 2663 1240 2720 variis

170 2741 265 2800 modis
284 2743 430 2799 retractari
450 2741 561 2814 possit,
597 2761 690 2813 neque
711 2743 848 2814 temporis
870 2745 1065 2814 opportunitas
1086 2747 1240 2816 praeterie-

170 2827 227 2900 rit,
249 2825 285 2882 de
305 2823 405 2882 eadem
425 2844 458 2881 re
480 2822 590 2898 dicem,
611 2824 652 2880 ita
673 2823 805 2898 quidem,
836 2834 868 2881 ut
888 2826 999 2897 priores
1019 2827 1136 2884 illorum
1157 2847 1240 2886 oona·

171 2919 218 2968 tus
236 2909 323 2982 longe
343 2925 486 2985 superem.

511 3105 901 3168 PROPOSITIO.

257 3242 328 3303 lude
349 3244 426 3302 enim
454 3240 604 3316 exordiar,
639 3251 671 3298 ut
690 3241 881 3308 reconciliatis
910 3251 989 3300 antea
1011 3237 1129 3310 Graecis
1149 3251 1178 3300 et
1199 3243 1243 3301 di·

144 3327 149 3336 ’
173 3329 272 3387 remtis
294 3327 492 3386 controversiis
514 3325 550 3384 de
570 3326 748 3400 principatu,
779 3325 949 3384 instituenda
971 3327 1032 3382 eius
1053 3327 1127 3384 inter
1147 3323 1243 3384 Athe·

173 3415 288 3472 nienses
309 3421 339 3470 et
359 3409 601 3471 heedsemonios
623 3407 779 3480 divisione,
807 3408 845 3466 ad
865 3406 969 3468 Perses
988 3408 1067 3466 bello
1089 3411 1244 3468 coniunctis

173 3494 441 3569 viribuspetendos
461 3494 593 3553 excitem.
615 3493 791 3566 §.1-41t.

496 3668 922 3738 TRAGTATIO.

182 3797 186 3804 ’
260 3791 388 3870 lioceam
409 3810 503 3882 enirn,
524 3818 557 3868 ut
573 3807 831 3892 Lacedaemoniis,
859 3808 896 3868 de
916 3806 1066 3876 dividendo
1087 3807 1245 3884 principatu

176 3895 425 3968 dissentientibus,
446 3894 652 3971 persuadeam,
672 3893 846 3969 argumentis
865 3893 953 3952 variis
1012 3940 1014 3948 s

177 4028 220 4100 Α.
238 4044 460 4105 Atheniensium
475 4045 570 4117 potius
587 4063 651 4103 esse
664 4039 815 4118 imperium
829 4061 1037 4116 spumarum,
1054 4040 1082 4115 §.
1095 4047 1134 4101 18
1144 4071 1182 4088 -·
1192 4045 1243 4101 2³.

240 4127 266 4199 Ι)
289 4131 412 4204 primum
441 4125 557 4200 quidem
585 4129 620 4185 ob
635 4127 804 4208 ,originem
843 4145 910 4184 nam
939 4127 1008 4184 min
1027 4123 1246 4184 Atherdensiuru

292 4225 336 4271 est
357 4213 568 4285 antiquissima,
596 4213 738 4284 inoxium,
770 4209 972 4292 salsissima,
1001 4209 1106 4268 civium
1134 4205 1245 4282 indigo-

247 4317 250 4330 *
290 4306 393 4353 'narum
414 4295 498 4354 leude
520 4295 691 4370 conspicue,
713 4294 740 4366 §.
760 4299 800 4354 23
814 4325 851 4338 -··
864 4299 916 4352 25.
