<?xml version="1.0" encoding="UTF-8"?>
<!DOCTYPE html PUBLIC "-//W3C//DTD XHTML 1.0 Transitional//EN"
    "http://www.w3.org/TR/xhtml1/DTD/xhtml1-transitional.dtd">
<html xmlns="http://www.w3.org/1999/xhtml" xml:lang="en" lang="en">
 <head>
  <title>
</title>
<meta http-equiv="Content-Type" content="text/html;charset=utf-8" />
  <meta name='ocr-system' content='tesseract 3.04.00' />
  <meta name='ocr-capabilities' content='ocr_page ocr_carea ocr_par ocr_line ocrx_word'/>
</head>
<body>
  <div class='ocr_page' id='page_1' title='image "./isocratispanegy00isokgoog_0032.png"; bbox 0 0 2982 4992; ppageno 0'>
   <div class='ocr_carea' id='block_1_1' title="bbox 462 401 1262 478">
    <p class='ocr_par' dir='ltr' id='par_1_1' title="bbox 462 401 1262 478">
     <span class='ocr_line' id='line_1_1' title="bbox 462 401 1262 478; baseline 0.006 -13"><span class='ocrx_word' id='word_1_1' title='bbox 462 403 545 466; x_wconf 73' lang='lat' dir='ltr'><strong>=s.</strong></span> <span class='ocrx_word' id='word_1_2' title='bbox 585 403 623 464; x_wconf 83' lang='lat' dir='ltr'><strong>F.</strong></span> <span class='ocrx_word' id='word_1_3' title='bbox 665 401 706 464; x_wconf 87' lang='lat' dir='ltr'><strong>N.</strong></span> <span class='ocrx_word' id='word_1_4' title='bbox 748 401 932 464; x_wconf 83' lang='lat' dir='ltr'><strong>MORI.</strong></span> <span class='ocrx_word' id='word_1_5' title='bbox 1059 471 1061 478; x_wconf 69' lang='grc'>,</span> <span class='ocrx_word' id='word_1_6' title='bbox 1151 421 1262 472; x_wconf 77' lang='lat' dir='ltr'><strong>xxnn</strong></span> 
     </span>
    </p>
   </div>
   <div class='ocr_carea' id='block_1_2' title="bbox 184 587 1309 1856">
    <p class='ocr_par' dir='ltr' id='par_1_2' title="bbox 184 587 1309 1856">
     <span class='ocr_line' id='line_1_2' title="bbox 188 587 1261 667; baseline 0.004 -19"><span class='ocrx_word' id='word_1_7' title='bbox 188 589 341 663; x_wconf 66' lang='lat' dir='ltr'><strong>studiosis,</strong></span> <span class='ocrx_word' id='word_1_8' title='bbox 363 611 449 664; x_wconf 75' lang='lat' dir='ltr'><strong>cpiam</strong></span> <span class='ocrx_word' id='word_1_9' title='bbox 470 611 508 650; x_wconf 81' lang='lat' dir='ltr'><strong>ex</strong></span> <span class='ocrx_word' id='word_1_10' title='bbox 528 592 647 666; x_wconf 74' lang='lat' dir='ltr'><strong>integds</strong></span> <span class='ocrx_word' id='word_1_11' title='bbox 665 587 826 662; x_wconf 72' lang='lat' dir='ltr'><strong>Herodoti,</strong></span> <span class='ocrx_word' id='word_1_12' title='bbox 856 587 1052 667; x_wconf 67' lang='lat' dir='ltr'><strong>Thucydidis,</strong></span> <span class='ocrx_word' id='word_1_13' title='bbox 1082 588 1261 666; x_wconf 81' lang='lat' dir='ltr'><strong>Xenophon·</strong></span> 
     </span>
     <span class='ocr_line' id='line_1_3' title="bbox 188 673 1304 752; baseline 0.004 -20"><span class='ocrx_word' id='word_1_14' title='bbox 188 677 226 733; x_wconf 84' lang='lat' dir='ltr'><strong>tis</strong></span> <span class='ocrx_word' id='word_1_15' title='bbox 247 695 280 733; x_wconf 88' lang='lat' dir='ltr'><strong>oc</strong></span> <span class='ocrx_word' id='word_1_16' title='bbox 300 674 421 734; x_wconf 86' lang='lat' dir='ltr'><strong>Diodori</strong></span> <span class='ocrx_word' id='word_1_17' title='bbox 444 673 536 734; x_wconf 85' lang='lat' dir='ltr'><strong>Siculi</strong></span> <span class='ocrx_word' id='word_1_18' title='bbox 556 677 639 734; x_wconf 81' lang='lat' dir='ltr'><strong>libris</strong></span> <span class='ocrx_word' id='word_1_19' title='bbox 661 677 838 747; x_wconf 80' lang='lat' dir='ltr'><strong>necessarie,</strong></span> <span class='ocrx_word' id='word_1_20' title='bbox 870 693 956 748; x_wconf 76' lang='lat' dir='ltr'><strong>coepe</strong></span> <span class='ocrx_word' id='word_1_21' title='bbox 977 677 1030 734; x_wconf 88' lang='lat' dir='ltr'><strong>illo</strong></span> <span class='ocrx_word' id='word_1_22' title='bbox 1051 679 1122 736; x_wconf 84' lang='lat' dir='ltr'><strong>setis</strong></span> <span class='ocrx_word' id='word_1_23' title='bbox 1142 679 1261 752; x_wconf 78' lang='lat' dir='ltr'><strong>iniecto,</strong></span> <span class='ocrx_word' id='word_1_24' title='bbox 1298 707 1304 712; x_wconf 90' lang='lat'>·</span> 
     </span>
     <span class='ocr_line' id='line_1_4' title="bbox 184 750 1261 836; baseline 0.004 -19"><span class='ocrx_word' id='word_1_25' title='bbox 184 750 244 836; x_wconf 63' lang='lat' dir='ltr'><strong>&#39;litte</strong></span> <span class='ocrx_word' id='word_1_26' title='bbox 264 761 389 835; x_wconf 84' lang='lat' dir='ltr'><strong>referre,</strong></span> <span class='ocrx_word' id='word_1_27' title='bbox 415 760 471 820; x_wconf 85' lang='lat' dir='ltr'><strong>hoc</strong></span> <span class='ocrx_word' id='word_1_28' title='bbox 490 769 552 835; x_wconf 85' lang='lat' dir='ltr'><strong>est,</strong></span> <span class='ocrx_word' id='word_1_29' title='bbox 588 759 740 818; x_wconf 79' lang='lat' dir='ltr'><strong>historicos</strong></span> <span class='ocrx_word' id='word_1_30' title='bbox 762 760 915 833; x_wconf 75' lang='lat' dir='ltr'><strong>aliquoties</strong></span> <span class='ocrx_word' id='word_1_31' title='bbox 935 759 1052 835; x_wconf 79' lang='lat' dir='ltr'><strong>legere,</strong></span> <span class='ocrx_word' id='word_1_32' title='bbox 1093 769 1123 820; x_wconf 91' lang='lat' dir='ltr'><strong>et</strong></span> <span class='ocrx_word' id='word_1_33' title='bbox 1139 763 1261 821; x_wconf 78' lang='lat' dir='ltr'><strong>sortasse</strong></span> 
     </span>
     <span class='ocr_line' id='line_1_5' title="bbox 187 844 1309 920; baseline 0.003 -18"><span class='ocrx_word' id='word_1_34' title='bbox 187 844 277 903; x_wconf 78' lang='lat' dir='ltr'><strong>nihilo</strong></span> <span class='ocrx_word' id='word_1_35' title='bbox 307 847 400 904; x_wconf 86' lang='lat' dir='ltr'><strong>minus</strong></span> <span class='ocrx_word' id='word_1_36' title='bbox 428 845 567 920; x_wconf 82' lang='lat' dir='ltr'><strong>quaedam</strong></span> <span class='ocrx_word' id='word_1_37' title='bbox 596 847 841 919; x_wconf 78' lang='lat' dir='ltr'><strong>praetennittere,</strong></span> <span class='ocrx_word' id='word_1_38' title='bbox 874 862 997 918; x_wconf 83' lang='lat' dir='ltr'><strong>quornm</strong></span> <span class='ocrx_word' id='word_1_39' title='bbox 1025 847 1163 920; x_wconf 70' lang='lat' dir='ltr'><strong>ignoratio</strong></span> <span class='ocrx_word' id='word_1_40' title='bbox 1185 849 1262 905; x_wconf 87' lang='lat' dir='ltr'><strong>omni</strong></span> <span class='ocrx_word' id='word_1_41' title='bbox 1306 857 1309 862; x_wconf 85' lang='lat'>&#39;</span> 
     </span>
     <span class='ocr_line' id='line_1_6' title="bbox 188 925 1262 1006; baseline 0.003 -18"><span class='ocrx_word' id='word_1_42' title='bbox 188 931 309 988; x_wconf 86' lang='lat' dir='ltr'><strong>consilio</strong></span> <span class='ocrx_word' id='word_1_43' title='bbox 330 930 445 1004; x_wconf 81' lang='lat' dir='ltr'><strong>legendi</strong></span> <span class='ocrx_word' id='word_1_44' title='bbox 466 940 495 988; x_wconf 84' lang='lat' dir='ltr'><strong>et</strong></span> <span class='ocrx_word' id='word_1_45' title='bbox 513 930 716 1004; x_wconf 82' lang='lat' dir='ltr'><strong>interpretandi</strong></span> <span class='ocrx_word' id='word_1_46' title='bbox 736 938 848 988; x_wconf 84' lang='lat' dir='ltr'><strong>noceat.</strong></span> <span class='ocrx_word' id='word_1_47' title='bbox 890 925 983 1002; x_wconf 85' lang='lat' dir='ltr'><strong>Spero</strong></span> <span class='ocrx_word' id='word_1_48' title='bbox 1002 939 1116 1005; x_wconf 83' lang='lat' dir='ltr'><strong>temen,</strong></span> <span class='ocrx_word' id='word_1_49' title='bbox 1144 931 1262 1006; x_wconf 86' lang='lat' dir='ltr'><strong>siquid</strong></span> 
     </span>
     <span class='ocr_line' id='line_1_7' title="bbox 188 1013 1262 1092; baseline 0.003 -20"><span class='ocrx_word' id='word_1_50' title='bbox 188 1016 219 1072; x_wconf 89' lang='lat' dir='ltr'><strong>in</strong></span> <span class='ocrx_word' id='word_1_51' title='bbox 239 1033 295 1070; x_wconf 87' lang='lat' dir='ltr'><strong>nno</strong></span> <span class='ocrx_word' id='word_1_52' title='bbox 317 1023 348 1070; x_wconf 91' lang='lat' dir='ltr'><strong>et</strong></span> <span class='ocrx_word' id='word_1_53' title='bbox 366 1013 456 1072; x_wconf 86' lang='lat' dir='ltr'><strong>oltero</strong></span> <span class='ocrx_word' id='word_1_54' title='bbox 475 1015 564 1077; x_wconf 81' lang='lat' dir='ltr'><strong>verbo</strong></span> <span class='ocrx_word' id='word_1_55' title='bbox 585 1013 737 1089; x_wconf 76' lang='lat' dir='ltr'>haereant,</span> <span class='ocrx_word' id='word_1_56' title='bbox 767 1031 817 1072; x_wconf 91' lang='lat' dir='ltr'><strong>eos</strong></span> <span class='ocrx_word' id='word_1_57' title='bbox 838 1015 869 1071; x_wconf 92' lang='lat' dir='ltr'><strong>in</strong></span> <span class='ocrx_word' id='word_1_58' title='bbox 887 1013 980 1072; x_wconf 88' lang='lat' dir='ltr'><strong>indice</strong></span> <span class='ocrx_word' id='word_1_59' title='bbox 1000 1026 1166 1088; x_wconf 74' lang='lat' dir='ltr'><strong>reperturos</strong></span> <span class='ocrx_word' id='word_1_60' title='bbox 1186 1035 1262 1092; x_wconf 81' lang='lat' dir='ltr'><strong>esse,</strong></span> 
     </span>
     <span class='ocr_line' id='line_1_8' title="bbox 189 1083 1262 1176; baseline 0.005 -22"><span class='ocrx_word' id='word_1_61' title='bbox 189 1095 261 1172; x_wconf 89' lang='lat' dir='ltr'><strong>quid</strong></span> <span class='ocrx_word' id='word_1_62' title='bbox 280 1083 336 1154; x_wconf 73' lang='lat' dir='ltr'><strong>hol</strong></span> <span class='ocrx_word' id='word_1_63' title='bbox 356 1099 540 1172; x_wconf 54' lang='lat' dir='ltr'><strong>potissimum.</strong></span> <span class='ocrx_word' id='word_1_64' title='bbox 557 1100 622 1157; x_wconf 93' lang='lat' dir='ltr'><strong>loco</strong></span> <span class='ocrx_word' id='word_1_65' title='bbox 642 1099 777 1174; x_wconf 86' lang='lat' dir='ltr'><strong>quodque</strong></span> <span class='ocrx_word' id='word_1_66' title='bbox 796 1099 916 1156; x_wconf 82' lang='lat' dir='ltr'><strong>verbum</strong></span> <span class='ocrx_word' id='word_1_67' title='bbox 936 1099 1095 1176; x_wconf 78' lang='lat' dir='ltr'><strong>significet,</strong></span> <span class='ocrx_word' id='word_1_68' title='bbox 1119 1111 1168 1158; x_wconf 82' lang='lat' dir='ltr'><strong>ont</strong></span> <span class='ocrx_word' id='word_1_69' title='bbox 1190 1121 1262 1176; x_wconf 83' lang='lat' dir='ltr'><strong>qoo-</strong></span> 
     </span>
     <span class='ocr_line' id='line_1_9' title="bbox 189 1180 1262 1259; baseline 0.005 -19"><span class='ocrx_word' id='word_1_70' title='bbox 189 1180 275 1240; x_wconf 87' lang='lat' dir='ltr'><strong>modo</strong></span> <span class='ocrx_word' id='word_1_71' title='bbox 296 1181 385 1240; x_wconf 78' lang='lat' dir='ltr'><strong>latine</strong></span> <span class='ocrx_word' id='word_1_72' title='bbox 406 1181 462 1240; x_wconf 91' lang='lat' dir='ltr'><strong>dici</strong></span> <span class='ocrx_word' id='word_1_73' title='bbox 482 1185 588 1257; x_wconf 84' lang='lat' dir='ltr'><strong>possit:</strong></span> <span class='ocrx_word' id='word_1_74' title='bbox 625 1186 656 1242; x_wconf 89' lang='lat' dir='ltr'><strong>in</strong></span> <span class='ocrx_word' id='word_1_75' title='bbox 677 1203 733 1258; x_wconf 82' lang='lat' dir='ltr'><strong>qno</strong></span> <span class='ocrx_word' id='word_1_76' title='bbox 754 1183 867 1258; x_wconf 80' lang='lat' dir='ltr'><strong>fateor,</strong></span> <span class='ocrx_word' id='word_1_77' title='bbox 898 1203 946 1240; x_wconf 87' lang='lat' dir='ltr'><strong>me</strong></span> <span class='ocrx_word' id='word_1_78' title='bbox 966 1203 1082 1242; x_wconf 81' lang='lat' dir='ltr'><strong>sensnm</strong></span> <span class='ocrx_word' id='word_1_79' title='bbox 1102 1189 1198 1259; x_wconf 83' lang='lat' dir='ltr'><strong>potins</strong></span> <span class='ocrx_word' id='word_1_80' title='bbox 1217 1186 1262 1245; x_wconf 86' lang='lat' dir='ltr'><strong>lo·</strong></span> 
     </span>
     <span class='ocr_line' id='line_1_10' title="bbox 189 1268 1263 1346; baseline 0.006 -22"><span class='ocrx_word' id='word_1_81' title='bbox 189 1285 306 1340; x_wconf 83' lang='lat' dir='ltr'><strong>corum,</strong></span> <span class='ocrx_word' id='word_1_82' title='bbox 344 1285 430 1340; x_wconf 85' lang='lat' dir='ltr'><strong>qoem</strong></span> <span class='ocrx_word' id='word_1_83' title='bbox 459 1277 609 1328; x_wconf 82' lang='lat' dir='ltr'><strong>contextos</strong></span> <span class='ocrx_word' id='word_1_84' title='bbox 637 1268 755 1342; x_wconf 86' lang='lat' dir='ltr'><strong>delinit,</strong></span> <span class='ocrx_word' id='word_1_85' title='bbox 790 1287 876 1341; x_wconf 82' lang='lat' dir='ltr'><strong>qnam</strong></span> <span class='ocrx_word' id='word_1_86' title='bbox 902 1269 1055 1326; x_wconf 82' lang='lat' dir='ltr'><strong>verbormn</strong></span> <span class='ocrx_word' id='word_1_87' title='bbox 1085 1269 1263 1346; x_wconf 72' lang='lat' dir='ltr'><strong>significatos</strong></span> 
     </span>
     <span class='ocr_line' id='line_1_11' title="bbox 189 1351 1263 1430; baseline 0.005 -20"><span class='ocrx_word' id='word_1_88' title='bbox 189 1353 219 1410; x_wconf 91' lang='lat' dir='ltr'><strong>in</strong></span> <span class='ocrx_word' id='word_1_89' title='bbox 239 1351 343 1410; x_wconf 79' lang='lat' dir='ltr'><strong>lexicis</strong></span> <span class='ocrx_word' id='word_1_90' title='bbox 373 1353 474 1411; x_wconf 82' lang='lat' dir='ltr'><strong>obvios</strong></span> <span class='ocrx_word' id='word_1_91' title='bbox 517 1356 712 1428; x_wconf 74' lang='lat' dir='ltr'><strong>expressisse,</strong></span> <span class='ocrx_word' id='word_1_92' title='bbox 748 1368 842 1427; x_wconf 81' lang='lat' dir='ltr'><strong>neque</strong></span> <span class='ocrx_word' id='word_1_93' title='bbox 862 1353 1000 1412; x_wconf 78' lang='lat' dir='ltr'><strong>serenici</strong></span> <span class='ocrx_word' id='word_1_94' title='bbox 1029 1355 1192 1414; x_wconf 59' lang='lat' dir='ltr'><strong>mmrioro</strong></span> <span class='ocrx_word' id='word_1_95' title='bbox 1211 1375 1263 1430; x_wconf 87' lang='lat' dir='ltr'><strong>po·</strong></span> 
     </span>
     <span class='ocr_line' id='line_1_12' title="bbox 188 1436 1264 1514; baseline 0.005 -19"><span class='ocrx_word' id='word_1_96' title='bbox 188 1437 299 1513; x_wconf 74' lang='lat' dir='ltr'><strong>sitisse,</strong></span> <span class='ocrx_word' id='word_1_97' title='bbox 340 1447 389 1495; x_wconf 84' lang='lat' dir='ltr'><strong>out</strong></span> <span class='ocrx_word' id='word_1_98' title='bbox 417 1457 451 1496; x_wconf 83' lang='lat' dir='ltr'><strong>ee</strong></span> <span class='ocrx_word' id='word_1_99' title='bbox 476 1439 600 1514; x_wconf 80' lang='lat' dir='ltr'><strong>saltem,</strong></span> <span class='ocrx_word' id='word_1_100' title='bbox 638 1457 710 1513; x_wconf 81' lang='lat' dir='ltr'><strong>quoe</strong></span> <span class='ocrx_word' id='word_1_101' title='bbox 740 1436 846 1496; x_wconf 80' lang='lat' dir='ltr'><strong>letinae</strong></span> <span class='ocrx_word' id='word_1_102' title='bbox 881 1437 992 1497; x_wconf 76' lang='lat' dir='ltr'><strong>formae</strong></span> <span class='ocrx_word' id='word_1_103' title='bbox 1029 1439 1264 1500; x_wconf 74' lang='lat' dir='ltr'><strong>demonstrandae</strong></span> 
     </span>
     <span class='ocr_line' id='line_1_13' title="bbox 189 1515 1264 1599; baseline 0.004 -19"><span class='ocrx_word' id='word_1_104' title='bbox 189 1523 367 1582; x_wconf 83' lang='lat' dir='ltr'><strong>occasionem</strong></span> <span class='ocrx_word' id='word_1_105' title='bbox 386 1525 564 1597; x_wconf 80' lang='lat' dir='ltr'><strong>praeberent.</strong></span> <span class='ocrx_word' id='word_1_106' title='bbox 608 1521 702 1582; x_wconf 86' lang='lat' dir='ltr'><strong>Simul</strong></span> <span class='ocrx_word' id='word_1_107' title='bbox 723 1521 856 1581; x_wconf 77' lang='lat' dir='ltr'><strong>effectum</strong></span> <span class='ocrx_word' id='word_1_108' title='bbox 876 1515 962 1599; x_wconf 81' lang='lat' dir='ltr'><strong>puto,</strong></span> <span class='ocrx_word' id='word_1_109' title='bbox 988 1533 1021 1581; x_wconf 86' lang='lat' dir='ltr'><strong>nt</strong></span> <span class='ocrx_word' id='word_1_110' title='bbox 1038 1543 1122 1582; x_wconf 90' lang='lat' dir='ltr'><strong>nemo</strong></span> <span class='ocrx_word' id='word_1_111' title='bbox 1144 1525 1264 1584; x_wconf 78' lang='lat' dir='ltr'><strong>latinam</strong></span> 
     </span>
     <span class='ocr_line' id='line_1_14' title="bbox 189 1605 1264 1684; baseline 0.002 -18"><span class='ocrx_word' id='word_1_112' title='bbox 189 1608 351 1666; x_wconf 79' lang='lat' dir='ltr'><strong>versionem</strong></span> <span class='ocrx_word' id='word_1_113' title='bbox 377 1609 426 1666; x_wconf 89' lang='lat' dir='ltr'><strong>vel</strong></span> <span class='ocrx_word' id='word_1_114' title='bbox 445 1605 558 1674; x_wconf 85' lang='lat' dir='ltr'><strong>Wollii</strong></span> <span class='ocrx_word' id='word_1_115' title='bbox 575 1609 624 1668; x_wconf 83' lang='lat' dir='ltr'><strong>vel</strong></span> <span class='ocrx_word' id='word_1_116' title='bbox 643 1607 752 1668; x_wconf 84' lang='lat' dir='ltr'><strong>Bettiei</strong></span> <span class='ocrx_word' id='word_1_117' title='bbox 779 1627 952 1684; x_wconf 79' lang='lat' dir='ltr'><strong>magnopere</strong></span> <span class='ocrx_word' id='word_1_118' title='bbox 979 1607 1132 1668; x_wconf 88' lang='lat' dir='ltr'><strong>desideret.</strong></span> <span class='ocrx_word' id='word_1_119' title='bbox 1175 1608 1264 1669; x_wconf 80' lang='lat' dir='ltr'><strong>Prae·</strong></span> 
     </span>
     <span class='ocr_line' id='line_1_15' title="bbox 189 1693 1265 1767; baseline 0.004 -17"><span class='ocrx_word' id='word_1_120' title='bbox 189 1701 287 1767; x_wconf 82' lang='lat' dir='ltr'><strong>teres,</strong></span> <span class='ocrx_word' id='word_1_121' title='bbox 323 1694 350 1750; x_wconf 86' lang='lat' dir='ltr'><strong>si</strong></span> <span class='ocrx_word' id='word_1_122' title='bbox 379 1693 525 1753; x_wconf 80' lang='lat' dir='ltr'><strong>studiosos</strong></span> <span class='ocrx_word' id='word_1_123' title='bbox 545 1693 680 1753; x_wconf 78' lang='lat' dir='ltr'><strong>adiuvere</strong></span> <span class='ocrx_word' id='word_1_124' title='bbox 706 1694 831 1766; x_wconf 84' lang='lat' dir='ltr'><strong>vellem,</strong></span> <span class='ocrx_word' id='word_1_125' title='bbox 873 1695 1081 1766; x_wconf 73' lang='lat' dir='ltr'><strong>comparatione</strong></span> <span class='ocrx_word' id='word_1_126' title='bbox 1108 1693 1265 1754; x_wconf 80' lang='lat' dir='ltr'><strong>editionum</strong></span> 
     </span>
     <span class='ocr_line' id='line_1_16' title="bbox 188 1773 1188 1856; baseline 0.002 -20"><span class='ocrx_word' id='word_1_127' title='bbox 188 1777 378 1852; x_wconf 82' lang='lat' dir='ltr'><strong>supersedere</strong></span> <span class='ocrx_word' id='word_1_128' title='bbox 396 1797 454 1836; x_wconf 89' lang='lat' dir='ltr'><strong>non</strong></span> <span class='ocrx_word' id='word_1_129' title='bbox 473 1781 573 1856; x_wconf 84' lang='lat' dir='ltr'><strong>potni,</strong></span> <span class='ocrx_word' id='word_1_130' title='bbox 594 1799 714 1856; x_wconf 82' lang='lat' dir='ltr'><strong>quornm</strong></span> <span class='ocrx_word' id='word_1_131' title='bbox 735 1773 857 1836; x_wconf 80' lang='lat' dir='ltr'><strong>indicem</strong></span> <span class='ocrx_word' id='word_1_132' title='bbox 877 1777 1048 1852; x_wconf 75' lang='lat' dir='ltr'><strong>praefationi</strong></span> <span class='ocrx_word' id='word_1_133' title='bbox 1068 1779 1188 1840; x_wconf 80' lang='lat' dir='ltr'><strong>subieci.</strong></span> 
     </span>
    </p>
   </div>
   <div class='ocr_carea' id='block_1_3' title="bbox 309 1957 671 2046">
    <p class='ocr_par' dir='ltr' id='par_1_3' title="bbox 309 1957 671 2046">
     <span class='ocr_line' id='line_1_17' title="bbox 309 1957 671 2046; baseline 0.014 -24"><span class='ocrx_word' id='word_1_134' title='bbox 309 1957 374 2024; x_wconf 85' lang='lat' dir='ltr'><strong>Ser.</strong></span> <span class='ocrx_word' id='word_1_135' title='bbox 391 1959 510 2046; x_wconf 77' lang='lat' dir='ltr'><strong>lipsiae</strong></span> <span class='ocrx_word' id='word_1_136' title='bbox 532 1985 558 2026; x_wconf 84' lang='lat' dir='ltr'><strong>a.</strong></span> <span class='ocrx_word' id='word_1_137' title='bbox 579 1969 671 2029; x_wconf 86' lang='grc'><strong>1766.</strong></span> 
     </span>
    </p>
   </div>
   <div class='ocr_carea' id='block_1_4' title="bbox 0 0 1504 4992">
    <p class='ocr_par' dir='ltr' id='par_1_4' title="bbox 0 0 1504 4992">
     <span class='ocr_line' id='line_1_18' title="bbox 0 0 1504 4992; baseline 0 0"><span class='ocrx_word' id='word_1_138' title='bbox 0 0 1504 4992; x_wconf 95' lang='lat' dir='ltr'><strong> </strong></span> 
     </span>
    </p>
   </div>
  </div>
 </body>
</html>
