2982 4992
244 393 335 446 xm
510 371 646 438 1310!
671 369 882 438 ΙΣΟΚΡΛ
895 370 1045 441 Tou.

242 555 397 670 πόμπου
404 550 492 626 πολύ
512 581 549 624 τε
571 554 627 666 κογί
647 551 787 644 ἀκρατὲς
807 560 866 666 τῆς
885 554 1039 668 γλοίτγιγς.
1084 558 1275 668 διγιτργβιγν
1279 563 1316 632 55

242 637 308 726 εἶχε
329 634 415 750 πρός
429 647 514 748 τῷ<
499 639 636 748 Λυιιγίιγι
652 645 700 728 τῷ
718 641 925 748 γυμνασίῳ.
938 642 977 710 λέ
995 668 1068 710 εται
1086 643 1124 709 55
1142 645 1315 716 καὶτοῦτο

242 729 322 818 περὶ
343 724 466 836 αιγτού,
491 722 536 804 ὡς
565 723 617 792 ὅτι
616 708 925 834 γιοτηγορηγελς(
901 752 946 804 ιος
968 669 1216 812 διαβάλλων
1175 754 1234 818 την
1255 734 1315 842 διγ-

240 811 421 902 μοκρατίαν
449 811 484 878 έν
496 814 558 915 γιῦ
585 807 735 916 γργίφιιν
753 812 839 896 πρὸς
861 811 1029 880 Νικοκλέα
1058 817 1132 917 γαῖς
1153 817 1315 938 παραινέ

241 922 314 966 σεσι
334 889 515 982 βασιλέα”
495 921 604 973 οντα,
615 881 695 1001 γ’φει
716 890 1005 1018 ἀπολογησόμενος
1024 893 1126 1004 πύλγν
1153 894 1249 976 έξ’
1207 905 1315 1006 γιυτιύν

239 987 305 1050 τῶν
330 979 572 1088 παραινέγειον,
603 1005 706 1049 ειποιν
727 981 850 1048 ε’κεινο
894 1003 1035 1086 ωιγπερ
1066 979 1142 1071 γὰρ
1173 984 1244 1052 τὸν
1272 985 1315 1054 όν

240 1062 508 1171 δημοκρατίᾳ
530 1061 879 1174 πολιτευόμενον
902 1065 948 1132 τὸ
970 1067 1137 1175 πλῆθος
1159 1068 1225 1136 δεῖ
1243 1073 1314 1138 θε-

240 1147 466 1256 ραγιεύειν,
508 1147 615 1218 οῧτιιι
652 1149 823 1217 καὶτὸν
843 1150 946 1255 ε’νγ
932 1149 1145 1267 μοναρχίᾳ
1173 1178 1315 1263 κατογ-
1391 1219 1396 1226 ,

239 1239 394 1302 κούντα
414 1233 485 1302 τὸν
506 1234 689 1339 βασιλέα
712 1231 926 1343 προσγγκει
946 1236 1199 1343 θαυμαζειγ.
1237 1241 1315 1320 τοὺς

240 1321 278 1388 δὲ
300 1318 482 1397 δικανικοὺς
505 1314 605 1424 αὑτιγγ
590 1313 757 1424 ”λιγγιγγις,
787 1319 844 1384 καὶ
872 1311 929 1395 σύς
961 1315 1072 1384 ἔδει
1056 1345 1090 1386 εν
1075 1317 1313 1427 πλγγιγει
1257 1323 1313 1390 λέ-

240 1430 325 1512 γειγ,
357 1397 529 1508 λέγεγαι(
508 1429 552 1481 ιος
575 1429 594 1511 γγ
588 1395 664 1469 δι’
689 1395 795 1510 ύλλιιγν
816 1397 1095 1508 ε’πεδείκνοτιγ,
1072 1431 1092 1492 η
1120 1406 1154 1470 δι
1193 1411 1313 1511 εαυτογλ

240 1485 393 1592 ὀλίγους.
426 1481 519 1595 ύίξιιγν
547 1489 588 1596 διγ
612 1486 669 1554 καὶ
698 1486 777 1590 περὶ
801 1489 860 1553 τοῦ
880 1492 1093 1596 χαρακτῆρος
1104 1483 1295 1594 τᾶγδρὸς’
1265 1515 1313 1558 ει-

239 1580 343 1640 πεῖν.
351 1566 452 1682 ἥιγη
462 1573 522 1656 μὲν
548 1565 606 1638 οὖν
627 1568 889 1678 προφθάσαντες
911 1596 1048 1679 εγπγμεν
1070 1598 1115 1651 ως
1134 1570 1186 1640 ότι
1207 1573 1311 1661 ζηλω-

238 1657 330 1765 τιγςγ
317 1657 377 1742 μὲν
398 1655 524 1743 ἐγένετο
546 1683 604 1724 τοιι
589 1653 768 1762 Γοργίου
793 1656 876 1764 καεογ
901 1657 939 1724 τὸ
967 1651 1312 1764 όγιγιγκαταληκτῶδες

238 1769 295 1810 και
286 1743 515 1850 παρισῶδες,
539 1739 624 1849 ιγλιγγ
643 1735 701 1822 οὐχ
723 1738 836 1850 ιῖίσγτερ
859 1740 981 1820 ἐκεῖνος
1004 1766 1058 1808 οει
1076 1741 1132 1808 διὰ
1149 1767 1187 1848 τγ
1203 1766 1312 1832 προσ-

236 1826 354 1915 κορές·
390 1829 493 1930 σαφεῖ
522 1825 559 1894 55
579 1853 625 1931 τιγ
605 1825 783 1906 λέξει
745 1850 898 1932 κεχργγτογι
925 1825 982 1932 κγιὶ
1002 1820 1106 1931 5555
1127 1825 1183 1894 καὶ
1202 1834 1312 1933 ιγιθα-

238 1916 297 2020 νῆ·
321 1907 508 2018 στρογγύλη
529 1905 625 1977 55’
588 1937 647 1978 ουκ
669 1934 758 1978 εστιν
765 1959 776 1988 ,
808 1905 891 1976 ἀλλὰ
905 1908 1004 2014 χάριν
1021 1907 1162 2017 ἕχοιγσα,
1197 1909 1310 2002 ὥσπερ

237 1994 336 2100 ιγτοῦ
357 1993 502 2102 Λιγσίου.
546 1994 674 2098 λέγεται
694 1993 759 2102 γὰρ
781 1993 836 2062 καὶ
862 2021 976 2073 τουτο,
1008 1990 1053 2074 ὡς
1082 1993 1134 2062 ότι
1166 1997 1311 2106 δίεφγο-

237 2083 351 2148 νούντο
375 2069 466 2146 οὗτοι
488 2073 650 2184 ἀλλήλοις
662 2106 718 2146 και
709 2075 985 2146 αντεπαίδευον.
1030 2079 1163 2186 γυνεχιγς
1184 2081 1257 2149 55
1241 2105 1311 2150 εστι

236 2170 307 2270 τιγῖς
327 2161 466 2252 ε’νθυμιγγ
468 2186 564 2230 ιασιν.
609 2159 704 2232 ούπιυ
726 2163 788 2251 γὰρ
809 2161 986 2244 τελειώσας
1006 2163 1044 2230 τὸ
1073 2163 1197 2270 νιγημγι,
1228 2159 1308 2272 ύίλλιγ

237 2245 341 2357 αύτῷ
348 2249 528 2353 σομπλέγιει
537 2247 743 2357 ε’νέλύμηγια·
773 2248 830 2352 ιγιδι
856 2250 990 2330 πολλῶν
1011 2249 1048 2318 55
1070 2245 1171 2355 αύτγῖι
1192 2249 1309 2316 καὶτὰ

236 2330 352 2440 ιγροιγίγ
339 2359 411 2417 μια.
451 2359 486 2438 γι
476 2331 546 2401 δέ
565 2359 650 2412 τινες
672 2329 905 2442 ἐπεισάγουσιν
929 2325 1047 2440 γλλους
1070 2335 1161 2412 τινὰς
1180 2329 1306 2441 λόγους,

237 2416 282 2498 ὡς
304 2412 398 2496 όντας
421 2413 540 2494 αὐτοῦ,
566 2444 605 2484 ου
594 2413 885 2526 ἰγργσδεκτέον
869 2415 1012 2526 εκείνουγ
1033 2419 1128 2510 παρὰ
1148 2418 1225 2498 τοὺς
1247 2444 1309 2508 φε-

231 2527 289 2592 ρογ
277 2503 412 2610 μένιγυς.
457 2498 521 2568 εἰσὶ
549 2501 586 2606 55
614 2499 646 2568 05
667 2497 944 2609 ε’πεισγερόμενοι
963 2525 1073 2570 ουτοι
1107 2506 1309 2611 σιγμβιγυλεο-

234 2587 320 2695 τιγιοί
342 2585 451 2662 ἐννέα,
484 2585 564 2691 περὶ
586 2591 795 2694 παρασκευγς
821 2585 1033 2691 ίπιγομεδιῦν,
1065 2589 1145 2678 περὶ
1172 2584 1309 2656 ούτονο-

235 2671 390 2756 μίας,..
365 2666 566 2778 Σινωπικγύς,
585 2693 837 2776 νησιιοτικος,
846 2669 1022 2780 σύμμικτοι
1043 2679 1149 2781 τρεῖς,
1185 2668 1247 2758 Ἀμ
1224 2699 1308 2762 μφι-

235 2753 419 2864 γτυογικός,
443 2755 522 2846 περὶ
542 2759 601 2822 τοῦ
622 2779 836 2861 κατοικιγμου
820 2754 1050 2863 Μιλησίογς.
1094 2756 1309 2826 επιδεικτικοί

235 2837 338 2918 ἑπτά,
339 2837 654 2950 Κλιγταιμνιγστρας
675 2837 856 2948 έγκιύμιον,
887 2837 1101 2946 Πηνελόπης,
1132 2841 1307 2949 Μενεκργί-

233 2953 308 3014 της,
333 2922 512 3032 ἒπγτόφιιγς
529 2929 600 3030 τοῖς
621 2925 656 2993 ἐν
681 2924 829 3032 Θυριγίρι,
853 2922 1099 3032 Νεοπτόλεμος,
1122 2926 1305 3034 Παριακός,

234 3009 412 3114 γιινηγορία
426 3011 518 3118 πρὸς
538 3009 597 3097 τὴν
618 3010 796 3120 έπγστολγν
822 3035 882 3076 του
911 3034 1110 3117 ειγιστατογ,
1125 3012 1221 3119 περὶ
1246 3017 1307 3080 τοῦ

234 3088 386 3198 όρτογος,
419 3090 504 3201 ύπγὲρ
539 3094 724 3200 Τιμοιγέου,
756 3093 970 3202 επιτροπικὸς
983 3095 1158 3201 περὶτῆς
1176 3093 1305 3207 ὑδρίας,

224 3176 409 3284 γύμιιικτοι
429 3178 545 3253 πέντε,
569 3177 648 3282 περὶ
669 3176 889 3284 φιλοσοφίας,
913 3203 992 3267 περι
983 3176 1202 3260 Πλάτωνος,
1226 3183 1306 3293 περγ

224 3255 376 3369 ’Ἐριγος,
398 3259 656 3372 πγοτρεπτιγός,
680 3265 825 3372 καγαδγο
826 3261 872 3350 μιγ
895 3267 1090 3367 σοφιστῶν..
1116 3264 1254 3373 λέγεταγ
1267 3267 1306 3334 55

232 3343 278 3425 ὡς
301 3345 353 3452 ότγ
373 3347 430 3451 γιιιὶ
440 3347 562 3451 τέχνην
582 3347 757 3454 γητιγρικιγν
777 3346 915 3456 γγραψε.
954 3351 1015 3453 τῷ
1046 3349 1084 3416 55
1103 3373 1209 3437 χρονιμ
1231 3377 1304 3456 ετγ-

231 3455 286 3514 χεν
274 3426 498 3540 αύτγν
430 3425 604 3498 ἀπολέσαι.
650 3430 719 3518 ε’ρεῖ
747 3433 785 3536 ιγέ
809 3456 886 3538 γις,
907 3430 964 3497 καὶ
992 3428 1102 3500 πόθεν
1128 3433 1272 3540 γῆλον“
1252 3461 1304 3504 οτι

231 3519 329 3583 τούτο
349 3539 453 3593 ουτως
475 3512 559 3597 ἔχεις
572 3512 763 3626 λέγομιγν(
740 3541 785 3595 ως
806 3513 858 3620 ὅγι
874 3509 1137 3620 Ἀριστοτέλης
1123 3543 1141 3624 ιγ
1164 3515 1303 3625 φιλγσο

232 3623 296 3710 φος
327 3624 469 3708 σοναγαγ
470 3602 515 3666 ὠν
542 3600 656 3682 τέχνας
682 3597 887 3708 γητγριιγάς,
908 3597 1058 3706 έμνήσγη
1085 3601 1142 3668 καὶ
1171 3599 1301 3712 τιγύτης.
1336 3607 1339 3614 ’

230 3683 349 3789 εγγιιοσε
372 3686 409 3752 55
430 3626 469 3792 (γλ
482 3685 542 3790 γγὲν
561 3680 756 3794 λε’γοιγοιγζ
733 3711 778 3764 ιιις
800 3684 852 3760 ὅτι
872 3679 988 3791 ἑκογτὸν
1009 3682 1084 3790 ἔτη,
1115 3683 1148 3752 05
1175 3687 1251 3754 55'
1234 3713 1303 3756 ενε-

229 3766 369 3876 νὴκιγνεογ
397 3768 453 3878 κγὶ
486 3765 581 3836 ὀκτώ.
634 3764 785 3874 ύπέέγανε
812 3761 885 3838 55
868 3795 926 3837 επι
917 3741 1170 3876 Χεριύύιγου’
1144 3796 1303 3878 γιρχγντος

222 3853 369 3962 μεγδι
333 3879 392 3959 γην
413 3854 447 3920 έν
468 3851 660 3959 Χαιρωνείᾳ
681 3851 803 3942 μάχην,
834 3853 999 3962 λυπγγθείς
1030 3855 1087 3921 διὰ
1108 3854 1174 3961 τιγν
1203 3847 1302 3966 ἧτγαν

228 3938 283 4006 καὶ
310 3937 371 4044 τιγν
396 3939 571 4046 σγμφορὰν
585 3938 659 4044 τιγν
689 3938 909 4045 γενογγένην’
892 3943 997 4005 εκεῖσε
1018 3944 1089 4018 τοῖς
1108 3936 1301 4050 Ἀθηναίοις

229 4021 377 4128 πορδγΦ
346 4020 530 4090 Φιλίππου.
575 4017 905 4134 ἄποιιαρτερὴσαςιγ
929 4020 1152 4131 έτγλεύτησεν,
1177 4020 1223 4105 ὡς
1241 4029 1301 4110 μεν

228 4103 419 4197 Δημήτριός
439 4129 554 4194 φησιν,
578 4103 710 4216 ε’ννέγι(
691 4133 833 4218 ηγιγρας,
864 4132 910 4186 ιος
931 4107 969 4174 55
970 4103 1168 4216 Ἀφογρεύς,
1203 4113 1301 4176 δεκα-

227 4193 399 4281 τέσσαρας.
452 4192 677 4298 προαναγνογς
706 4194 744 4260 55
769 4189 905 4271 τούτους
925 4191 1001 4271 τοὺς
1022 4190 1153 4275 στίχους
1174 4191 1300 4264 ἐτελεύ

227 4299 341 4363 τησεν,
364 4277 401 4346 ἐκ
421 4279 521 4368 τριῶν
541 4275 650 4368 δραγ’
619 4301 717 4344 ιιιτιον
738 4272 942 4370 Εὐριπίδου·
