2982 4992
363 1394 539 1482 6102
573 1401 1049 1487 ΙΣΟΗΡᾹΤΟΤΣ.

608 1683 811 1696 ψ

171 1874 376 1993 Ἰσοκράτης
391 1885 570 1996 Θεοδώρου
593 1893 652 1997 666
675 1885 898 1957 αυλοποιοῦ
882 1890 1014 1997 εγένετο
1031 1893 1129 1967 ποῖς,
1149 1883 1250 1956 Ἡδυ-

176 1974 288 2076 66696
275 1971 447 2076 μητρὸς..
466 1971 580 2056 ,(ούχ
601 1973 652 2040 ὅτι
674 1975 711 2042 66
733 1972 833 2080 ἰδίαις
853 1975 964 2062 χερσίν
985 1971 1171 2086 εἰργάζετο,
1195 1974 1251 2082 διὰ

177 2061 275 2122 τοῦτο
297 2022 479 2162 αὐλοποιὸς
494 2057 643 2164 ἐκλήθη,
677 2053 790 2126 άλλΗ
778 2057 830 2124 δτι
859 2033 984 2137 πίκῖδος
1011 2055 1076 2140 εἶχε
1096 2058 1173 2137 τούς
1197 2059 1251 2146 66-

177 2140 386 2248 χαζομένους
405 2141 460 2244 καὶ
488 2141 523 2207 ἐκ
548 2140 666 2208 τούτου
686 2143 949 2248 προσεπορίζετο
971 2143 1028 2210 τὸν
1048 2142 1150 2248 βίον).
1194 2167 1251 2229 χυ-

177 2231 274 2292 ναῖκα
301 2219 386 2292 66
367 2222 518 2334 ηχάχετο
528 2223 720 2334 Πλαθάνην
742 2223 830 2303 τινά,
859 2223 994 2293 Ἱππίου
1021 2233 1081 2294 τοῦ
1110 2224 1252 2331 ῥήτορος

151 2305 360 2415 ,άπρχεννιρχ
362 2311 465 2416 ιένην·
497 2304 667 2416 ἀτυχήσας
682 2310 720 2376 δὲ
741 2309 820 2394 περί
835 2311 931 2378 τέκνα
947 2310 1083 2378 θετὸν
1036 2307 1249 2420 666666666

178 2394 286 2462 παῖδα
309 2393 366 2461 τὸν
386 2391 506 2504 ταύτης
526 2393 610 2472 υίόν,
633 2393 690 2462 τὸν
706 2365 867 2504 Ἀφαρέα.
911 2394 1066 2543 μρθητὴς
1088 2397 1125 2462 66
1145 2421 1250 2482 εγενε-

177 2504 216 2545 το
237 2476 427 2584 φιλοσόφου
448 2481 509 2562 μὲν
529 2476 733 2588 Σωκράτους,
730 2475 896 2626 Γρὴτηρος
918 2481 1004 2547 δδΘ
1008 2481 1189 2628 ηραχΓιένηυς
1206 2519 1251 2530 -

178 2569 236 2630 666
256 2567 465 2672 μαθητούΓ
464 2563 596 2674 ορχίου·
629 2560 759 2632 6666*
757 2563 871 2676 ορηιίος
891 2571 1105 2670 ιιαθητηςΤ
1102 2564 1250 2632 66666-

178 2653 237 2714 666
259 2649 315 2754 666
317 2645 512 2756 κοθόρνου.
553 2646 678 2756 ἐκλήθη
701 2645 798 2716 661
759 2675 797 2718 ου
800 2675 855 2728 τος
876 2648 1039 2756 κόθορνος
1062 2650 1117 2717 διὰ
1136 2647 1250 2717 τοιού·
1302 2712 1303 2716 ,

178 2757 237 2840 την
256 2731 374 2800 αἰτίαν.
410 2731 623 2840 κόθορνος
594 2729 749 2840 66666'
718 2759 751 2798 ια
773 2736 860 2802 ἐστιν
881 2731 1025 2840 ἁρμόζον
1046 2735 1172 2820 γυναιξί
1195 2735 1251 2801 καί
1299 2752 1303 2763 ’

178 2813 351 2904 ἀνδράσιν,
384 2811 483 2924 666
485 2819 572 2888 ιοζον
602 2811 685 2883 κατοί
712 2819 826 2926 δεξιοῦ
849 2819 904 2884 καί
927 2815 1103 2923 ἀριστεροῦ
1125 2817 1248 2896 ποδός·

179 2899 245 2970 εἴτε
269 2895 326 2968 οὖν
347 2903 419 3008 666
424 2929 521 2970 τοιτο
544 2899 610 2968 εἴτε
632 2897 721 2968 διΗ
705 2909 808 2970 εκεῖνο
827 2899 947 3009 66669
969 2901 1132 3010 κόθρρνος
1154 2899 1249 2990 6666-
1310 2957 1315 2967 .

177 2993 226 3074 θη
248 2985 358 3054 666
325 3012 363 3054 66
385 2983 513 3094 ειιχερὲς
541 2991 607 3052 τῶν
619 2983 783 3095 τρόπων,
802 2985 930 3094 ὥσπερ
959 2987 1015 3057 καί
1040 2983 1058 3054 6
1074 2988 1250 3092 κόθορνος

179 3099 205 3140 ει
196 3013 461 3178 μεταβλητος
447 3095 518 3138 εστι
546 3069 627 3178 περί
655 3097 691 3138 τε
719 3065 827 3152 δεξιόν
849 3068 955 3181 πόδα
976 3071 1040 3180 666
1064 3067 1248 3175 ἀριστερόν,

179 3152 280 3266 66666
301 3159 386 3245 πρὸς
405 3151 527 3265 δίνδρας
543 3156 599 3222 καί
616 3161 778 3263 χρνριῖκας,
802 3156 858 3224 καὶ
853 3183 919 3262 μη
938 3158 972 3224 ἐν
991 3155 1040 3223 666
1060 3182 1142 3224 ποτε
1159 3153 1249 3241 μόνον

178 3241 359 3326 ἱστάμενος.
375 3242 565 3391 μέμνηται
594 3240 651 3306 καί
678 3236 920 3330 Ἀριστοφάνης
949 3245 1008 3308 666
1027 3238 1193 3328 κοθόρνου
1216 3241 1250 3309 ἐν

178 3333 249 3406 τοῖς
271 3321 456 3416 Βατράχοις
478 3333 493 3406 (
516 3329 551 3409 7)

358 3443 392 3512 τί
411 3440 574 3585 κόθορνος
593 3469 648 3510 και
639 3437 817 3533 ῥόπαλον
838 3441 1061 3532 συνηλθέτην,·

180 3557 234 3630 άεί
262 3561 324 3666 γάρ
354 3553 439 3652 πρός
466 3553 526 3641 τάς
555 3557 727 3640 πολιτείας
746 3557 959 3670 μετεβάλετο,
993 3561 1050 3627 καί
1070 3563 1173 3668 66666
1193 3557 1253 3648 τὴν

181 3650 357 3752 παροῦσαν
377 3644 564 3715 πολιτείαν,
597 3644 841 3754 καταλυθείσης
868 3642 989 3751 ταύτης
1011 3646 1094 3753 πρτὲ
1115 3643 1252 3751 ὕστερον

179 3711 360 3836 κατήγορος
381 3722 570 3838 ἐγένετο,
548 3755 588 3820 ης
611 3730 667 3798 καὶ
686 3736 813 3837 μετεῖχε
834 3727 960 3838 πρώην.
1001 3755 1057 3796 και
1048 3729 1133 3835 6666
1153 3733 1250 3838 66666

180 3814 364 3892 συνειδότες
394 3811 425 3882 οἱ
446 3813 621 3926 666666666
642 3807 710 3902 πρό
730 3818 789 3902 669
809 3813 1019 3893 καταλύσεως
1041 3809 1148 3880 αυτῶν
1170 3810 1251 3902 ε’φό

179 3928 233 3969 νευ
236 3925 295 3968 σαν
317 3895 425 3976 αὐτόν,
446 3899 564 3966 ίνα
521 3927 580 4006 μη
588 3897 725 4006 ὕστερον
745 3897 887 3988 διαβάλη
908 3900 963 3966 καὶ
985 3895 1113 3977 αύτούς,
1137 3896 1251 4003 ὥσπερ

179 3979 256 4064 τούς
276 3981 530 4090 τετρακοσίους,
557 3980 601 4063 69
628 3977 686 4051 σύν
715 3989 788 4070 θεῷ
808 3981 1048 4092 μαθησόμεθα.
1094 3978 1251 4060 άπιόντος
1287 4052 1291 4062 ,

181 4072 217 4138 δὲ
238 4067 357 4136 τούτου
376 4060 462 4174 πρός
481 4066 630 4146 θάνατον
651 4046 926 4176 συνηκολούθει(
911 4095 929 4135 ο
955 4064 1163 4176 Ἰσοκράτης,
1192 4091 1251 4149 με·

180 4160 312 4259 τασχεῖν
322 4149 532 4264 βουλόμενος
552 4158 612 4220 τοῦ
630 4159 799 4260 6666666,
833 4151 947 4259 ᾡσπερ
976 4153 1034 4220 καὶ
1063 4153 1097 4218 ἐν
1117 4155 1163 4236 66
1184 4157 1276 4216 66.

182 4237 268 4342 νότῳ
289 4265 308 4306 τ
331 4263 413 4324 ντιχ
415 4265 465 4328 ιην
490 4239 582 4345 666
576 4237 662 4346 πρὸς
688 4238 745 4305 τόν
774 4235 974 4346 διδάσκαλον
1001 4213 1250 4342 ἐνδεικνύμενος.

124 4371 126 4377 .
184 4318 228 4402 ὡς
249 4325 286 4392 66
278 4231 450 4393 ίκιύλύσε
469 4349 526 4393 και
544 4349 603 4392 ουκ
625 4320 825 4402 ἔπειθενᾎ
811 4321 947 4412 ύστερόν
972 4348 1005 4390 τι
1036 4317 1138 4388 εἰπὼν
1159 4317 1252 4389 ἔπει-
