2984 4988
527 384 1020 458 ARGUMENTUM

303 587 348 664 ll)
369 581 472 646 deinde
492 583 529 644 ob
555 596 603 641 res
629 589 743 656 gestam
780 573 828 636 his
855 576 933 634 enim
953 583 983 635 et
1002 574 1116 633 meritis
1134 574 1164 631 in
1184 573 1311 648 reliquas

368 682 413 732 est
432 670 558 743 eximia,
580 668 608 741 §.
624 671 675 724 26.
697 669 749 724 27.

347 773 396 851 A)
418 771 551 846 qrroniam
570 767 660 824 vitam
680 762 798 824 Graecis
819 759 996 822 conservarit
1017 769 1047 817 et
1067 742 1247 835 exornavit,
1270 748 1333 819 ib.v

419 871 485 912 nam
534 881 540 886 ·
725 873 730 876 ·

421 957 451 1026 a)
472 951 571 1026 surges
592 957 622 1006 et
641 948 780 1024 mysteria
799 946 924 1020 accepit,
960 953 1044 1017 atque
1065 963 1130 1002 cnm
1150 943 1217 1002 eliis
1237 963 1312 1002 com·

478 1035 649 1106 manicavit,
672 1033 699 1107 §.
718 1037 770 1092 28.
794 1035 868 1106 29„
891 1029 926 1088 de
949 1027 1070 1104 quibus,
1093 1029 1223 1102 quamvis
1238 1025 1313 1085 'anti-

478 1121 560 1195 quis,
583 1126 708 1191 constat,
739 1115 766 1190 §.
786 1121 836 1174 30.
860 1119 932 1185 31.,
966 1121 995 1170 et
1022 1121 1100 1186 patet
1120 1109 1314 1171 Athenienses

479 1203 552 1263 haec
578 1202 721 1259 bonaant
742 1197 846 1257 alliis
876 1197 1017 1270 accepisse
1048 1205 1096 1254 ant
1123 1196 1203 1268 ipsos
1234 1199 1313 1254 inve·

452 1358 458 1368 1
480 1287 577 1359 nisse,
600 1305 687 1358 tpmm
707 1293 737 1342 et
756 1282 966 1356 religiosissimi
991 1289 1020 1337 et
1039 1280 1220 1338 solertissimi
1241 1283 1315 1356 sint;
1348 1295 1349 1298 ’

503 1375 581 1431 .32.
602 1374 653 1427 33.
749 1383 754 1392 “

425 1455 458 1526 b)
480 1373 600 1514 doloniis
618 1447 788 1510 deducendis
809 1445 958 1508 Graeciam
980 1457 1008 1506 et
1030 1447 1152 1504 amarit
1173 1456 1219 1522 et,
1234 1445 1315 1526 ,Per-

482 1541 522 1598 sis
543 1529 701 1610 repressis,
724 1531 926 1606 amplificavit,
948 1531 975 1605 §.
996 1533 1036 1590 34
1049 1565 1085 1573 -
1100 1535 1151 1589 37.

422 1627 453 1698 c)
481 1621 617 1682 institutis
638 1629 667 1676 et
687 1617 794 1676 artibus
815 1618 902 1675 vitam
923 1616 1073 1686 instruxit,
1097 1614 1124 1688 §.
1142 1621 1194 1674 38.

486 1710 520 1780 1)
540 1705 653 1778 legibus
673 1712 702 1761 et
723 1701 814 1758 sonna
835 1701 973 1772 civitatis,
996 1699 1022 1772 §.
1042 1703 1093 1758 39.

483 1794 517 1864 2)
539 1788 647 1846 artibus
675 1795 724 1844 aut
748 1783 917 1844 necessariis
938 1792 986 1840 ant
1006 1780 1128 1840 utilibus
1145 1782 1250 1856 partim
1271 1783 1314 1840 in-

544 1869 691 1932 veniendis
712 1869 815 1942 partim
836 1865 1019 1944 excolendis,
1042 1868 1068 1941 §.
1090 1869 1144 1925 40.
1236 1893 1245 1902 ·

484 1957 518 2028 ’3)
539 1954 654 2012 liberali
672 1951 879 2027 hospitalitate,
903 1951 929 2026 §.
948 1957 1000 2010 41.

487 2043 519 2112 4)
540 2047 642 2112 portu,
672 2038 753 2095 errius
770 2035 926 2094 commodis
939 2054 1037 2092 onmes
1051 2035 1204 2110 frrnmtur,
1224 2036 1250 2108 §.
1263 2038 1314 2094 42.

485 2127 519 2196 6)
541 2119 727 2196 spectaculis,
764 2130 794 2178 et
821 2119 960 2180 sumtibus
988 2127 1017 2176 et
1038 2128 1097 2176 arte
1119 2121 1315 2192 eminentibus,

546 2217 631 2280 atque
666 2205 865 2262 certaminibus
895 2213 924 2261 et
960 2201 1035 2260 ludis
1072 2205 1164 2262 omnis
1202 2204 1315 2278 generis

427 2347 430 2352 ,
502 2339 504 2344 ,
546 2290 624 2364 omni
658 2297 786 2362 tempore
819 2287 1015 2362 instituendis,
1050 2287 1151 2360 quibus
1176 2283 1315 2346 ‘Graecos

546 2373 667 2432 delectat
685 2382 714 2430 et
735 2373 879 2444 conciliat,
902 2372 929 2446 §.
948 2377 988 2430 43
1001 2404 1037 2414 -
1051 2375 1103 2429 46.

445 2521 450 2526 ,
485 2458 521 2532 6)
542 2453 722 2530 philosophia
743 2466 772 2512 et
789 2455 952 2529 eloquentia
979 2455 1117 2530 singulari
1142 2455 1239 2514 studio
1267 2475 1315 2514 co-

543 2539 652 2612 lendis,
699 2547 783 2612 atque
818 2535 936 2598 Graecis
981 2537 1110 2598 doctrina
1143 2539 1334 2599 imbuendis..

352 2703 393 2782 B)
415 2691 526 2766 Pariter
546 2715 641 2765 autem
656 2703 849 2766 Athenienses
867 2705 1092 2766 bellica.virtute
1113 2707 1313 2782 inclamarunt,

425 2801 454 2852 et
481 2793 590 2852 ratione
617 2789 733 2866 quidem
761 2789 978 2865 honestissima,
1012 2813 1069 2849 non
1091 2792 1166 2860 enim
1187 2793 1245 2866 ita,
1282 2801 1315 2849 nt

425 2877 530 2935 iniuste
551 2875 808 2952 amplificarentur,
836 2873 889 2936 sed
908 2885 940 2932 ut
957 2877 1090 2934 iniuriam
1110 2876 1203 2950 passis
1221 2877 1314 2950 opitu·

423 2960 561 3020 darentur.
589 2961 789 3034 §.51-53.
837 2989 840 2993 ¹

422 3061 453 3134 a)
474 3059 502 3134 §.
523 3062 677 3118 54-65.
720 3054 783 3116 lam
807 3057 878 3116 olim
907 3056 1022 3132 quidem
1050 3077 1103 3132 pro
1129 3055 1256 3118 Adrasto
1284 3068 1314 3142 et

479 3137 643 3202 Heraclidis
667 3141 706 3197 ita
731 3151 885 3216 egerunt,v

544 3221 697 3284 Thebanos
718 3223 809 3284 adorti
827 3235 856 3284 et
867 3217 1083 3301 Eurystheum,
1114 3225 1141 3302 ς.
1158 3229 1198 3286 54
1210 3260 1248 3271 —
1260 3232 1311 3285 60.

544 3343 630 3398 quem
647 3321 685 3380 ad
704 3324 802 3382 incitas
819 3314 991 3400 redegerunt
1006 3335 1035 3384 et
1050 3321 1229 3401 Heraclidis,
1251 3323 1311 3384 La·
1340 3317 1347 3330 ’

369 3427 370 3432 “
479 3405 726 3466 cedaemoniorum
746 3407 1122 3482 maioribus,·restitnendis
1146 3411 1253 3484 optime
1274 3409 1311 3468 de

478 3486 972 3564 hismeritisnnt,§.61—63.
1329 3542 1332 3546 .

540 3577 597 3632 iam
615 3583 682 3632 tunc
705 3574 989 3649 enimprincipatnm
1012 3575 1182 3636 obtinebant.
1212 3576 1240 3652 §.
1257 3580 1308 3636 64.

419 3754 454 3832 b)
476 3758 504 3831 §.
522 3762 561 3816 66
574 3789 612 3802 --
625 3760 678 3816 98.
720 3754 835 3816 Deinde
856 3767 971 3832 praeter
997 3759 1054 3816 alia
1073 3760 1210 3818 virtutem
1231 3777 1309 3817 corn·

321 3912 323 3917 s
346 3889 355 3916 ·.
475 3841 629 3922 probanmt
649 3839 736 3898 bellis
757 3840 892 3902 adversius
909 3839 1052 3919 Scythas,
1073 3839 1217 3918 limaces,
1238 3840 1308 3902 Per·

377 3992 379 3996 .
475 3923 542 4000 aar,
565 3924 594 3998 ς,
614 3927 665 3983 aaa
688 3929 740 3983 or.

337 4043 339 4050 ·
414 4029 415 4032 ’
536 4009 656 4082 reliquis
683 4008 760 4066 elsim
788 4004 926 4068 Graeciae
952 4007 1111 4066 natatibus
1140 4007 1234 4068 adhuc
1261 4005 1306 4067 ln·
1344 4005 1347 4010 Α
1373 4063 1377 4070 .

474 4091 566 4150 lirrais
586 4087 747 4164 Thracrun,
770 4087 941 4167 Scytharum
962 4101 991 4149 et
1007 4089 1191 4162 Αωοιουιιιιι
1210 4097 1305 4152 incarr-

389 4179 407 4248 j
473 4193 542 4245 stra,
577 4192 690 4232 ornnem
708 4171 859 4233 Graeciam
884 4184 1059 4248 vastaturos,
1097 4177 1154 4234 soli
1182 4195 1304 4251 excepe-

472 4252 557 4333 runt,
580 4265 610 4330 et
628 4255 793 4335 felicissime
811 4260 1012 4340 restituerint.
1043 4258 1071 4332 §·
1087 4264 1128 4321 68
1139 4293 1175 4308 -··
1190 4267 1241 4322 70.
