2982 4992
415 401 478 466 ιο.
508 389 726 466 onoaou
754 401 981 468 annnam.
1151 427 1242 478 xvn-

164 586 217 664 ubi
232 585 337 652 eadem
352 584 447 650 verba
460 583 612 670 leguntur.
623 623 662 636 —-
680 582 760 650 mid.
783 582 810 670 6.
821 587 877 652 88.
898 583 1005 674 partim
1020 604 1060 654 e'x
1074 583 1233 670 urbinate
1326 644 1330 656 s

28 666 30 686 '
163 671 271 760 paetino
292 695 331 736 ex
351 669 494 757 Epistola
509 665 588 734 nona
611 670 725 751 (6.14)
745 671 909 757 Ιεςεοᾶυιιι
929 671 1067 741 videturt
1108 671 1161 742 ὅτι
1183 677 1235 744 δεῖ

164 758 261 863 τοὺὶς
290 751 402 844 ὀρθῶς
429 753 773 862 βὀυλευομνένους
810 755 862 863 μῖγ
885 752 1049 864 πρότερον
1082 755 1262 862 ἐκφέρειν

162 841 479 1012 attuatii?
498 863 579 989 iiii.
603 839 1136 1034 {ftid⁰2u⁷t‘2i}o⁶tiditii
1166 868 1234 992 tt?

27 1008 30 1065 3
162 1009 314 1076 stituenda
335 1023 382 1072 est
401 1007 525 1074 lsoomti
546 1007 633 1074 leutio
654 1008 810 1076 U'rbinatis
830 1009 888 1098 τὴν
910 1009 1010 1097 αυτὴν
1030 1010 1068 1080 δὲ
1094 1008 1233 1112 γνώμην,
1315 1031 1318 1035 ’

164 1118 243 1180 quae
263 1091 399 1178 legitima
419 1092 507 1158 sedes
529 1106 575 1158 est
611 1092 753 1160 articulae
770 1096 807 1161 δὲ
821 1118 888 1160 oum
903 1094 961 1174 hoo
975 1118 1150 1181 prononmne
1163 1121 1235 1162 aun·

164 1186 247 1244 otae.v
263 1190 265 1196 ’
283 1177 399 1242 Eadem
425 1177 520 1242 verba
546 1116 652 1242 eodem
674 1201 733 1264 qno
754 1178 805 1243 hio
826 1179 937 1268 ordina
950 1179 1059 1246 iterum
1079 1196 1236 1270 occurrunt

163 1263 197 1330 in
218 1262 345 1328 Panatiu
374 1263 403 1342 6.
424 1263 478 1327 29.
501 1275 532 1327 et
551 1260 690 1328 similiter
709 1262 766 1331 τὸν
788 1259 887 1332 αὐτὸν
910 1265 947 1330 δέ
971 1260 1099 1348 τρόπον
1118 1271 1234 1352 Panag.

165 1352 191 1430 6.
207 1351 261 1414 80.
299 1347 338 1412 de
365 1345 438 1432 Big.
462 1349 537 1427 61.
576 1347 657 1412 conf.
686 1347 793 1414 Antid.
816 1352 850 1431 ·§.
870 1351 943 1414 106.
982 1354 1110 1436 Trapez.
1133 1353 1160 1432 6.
1178 1351 1234 1416 49.

164 1427 204 1499 οὗ
225 1431 284 1521 τὴν
306 1425 406 1519 αὐτὴν
426 1431 463 1498 δὲ
478 1427 623 1518 τυγχάνω
645 1429 997 1520 γνώμηνέγιονΡουεγς.
1021 1435 1132 1516 6187.
1154 1433 1234 1502 conf·

115 1578 122 1587 ,
164 1519 310 1606 cyphi·
327 1515 385 1582 42.
411 1515 538 1581 Penatis.
561 1519 588 1598 6.
602 1519 679 1582 260.
700 1549 745 1566 -·

247 1623 283 1682 In
303 1616 487 1683 Archidamo
510 1621 536 1700 6.
550 1619 604 1684 06.
624 1617 798 1684 'Bekkems
817 1637 873 1704 pro
902 1603 948 1696 ὧς
973 1582 1161 1708 τέτμῆσθαι
1186 1610 1235 1686 le·
1282 1671 1293 1688 .

28 1734 32 1794 3;
94 1759 103 1770 ,
164 1701 298 1804 ganduni
317 1713 419 1766 censat
438 1699 523 1768 ὥστε
544 1707 747 1790 τετμῖγσοαι,
779 1703 860 1787 quod
882 1716 1037 1790 tantopere
1057 1704 1171 1791 probo,
1201 1719 1236 1769 ut

162 1801 504 1884 1utextumrepeptum
529 1785 640 1868 'velim3
669 1787 807 1872 quamvis
835 1787 913 1852 hano
941 1802 972 1852 et
992 1787 1067 1854 alias
1089 1788 1235 1888 quaedam

163 1869 302 1937 Bekkeri
328 1883 513 1935 coniecturas
541 1871 617 1935 mira
646 1872 772 1939 audacia
792 1863 897 1937 sordes
917 1871 1113 1960 appellavent
1132 1874 1236 1957 Speu-

161 1955 265 2037 gelioo
284 1953 317 2018 in
337 1955 465 2041 praefat.
485 1955 524 2018 ad
540 1955 738 2045 Συνυγιογῖγν
752 1959 878 2038 Τεχνῶν
921 1953 1056 2024 .le1.
1079 1955 1133 2022 ubi
1156 1957 1234 2044 ipse,

83 2076 87 2084 ·
163 2037 218 2103 vir‘
233 2039 403 2124 ceteroquin
424 2037 611 2104 doctissimus
633 2055 664 2104 et
684 2041 877 2127 ingeniosus,
898 1975 1085 2106 imitandam
1110 2057 1191 2108 sane·
1205 2055 1235 2106 at

162 2122 329 2188 inauditam
347 2123 486 2187 Isocratis
508 2123 610 2186 verbis
628 2125 720 2189 crisin
736 2125 885 2190 adhibuit.
929 2125 1028 2190 Simili
1043 2125 1153 2192 mendo
1168 2131 1235 2192 Iso-

163 2223 259 2274 crates
279 2203 454 2272 liberandus
476 2220 522 2271 est
543 2207 645 2294 paullo
666 2223 735 2274 ante
758 2211 784 2290 6.
796 2211 850 2274 62.
872 2209 926 2274 ubi
946 2233 1000 2296 pro
1023 2205 1067 2287 ὡς
1088 2209 1168 2298 περὶ
1187 2212 1235 2276 le·

163 2293 294 2380 gaudum
317 2289 431 2379 ὥσπερ
453 2290 552 2380 περὶ.
586 2297 653 2364 Ηοο
672 2292 887 2378 ευίιηΗοςῖιαῐ
902 2293 1084 2380 praecedens
1099 2289 1235 2376 ὁμοίως,

164 2377 387 2464 quodquidam
411 2371 456 2456 ὡς
479 2367 774 2462 sequebaturetiam
802 2381 828 2459 6.
845 2378 900 2442 02.
923 2377 978 2444 sed
1007 2375 1051 2442 ibi
1077 2397 1116 2442 ex
1142 2375 1236 2444 Urbi·-

163 2477 234 2528 nate
255 2487 328 2551 τιερ
341 2461 510 2528 restitutum
531 2475 586 2526 eat.
631 2460 814 2549 Saepissime
835 2475 935 2526 autem
955 2475 1024 2528 ante
1039 2461 1237 2548 praepositio·

28 2562 31 2585 ¹
163 2572 218 2613 nes
247 2547 326 2635 περὶ
353 2561 383 2611 et
410 2542 496 2634 ὑπὲρ
524 2548 634 2612 vocula
662 2569 728 2634 meo
759 2569 779 2612 a
808 2541 940 2612 h'brariis
962 2561 1007 2612 est
1029 2545 1149 2612 omissa·
1192 2551 1233 2612 Et

28 2638 32 2705 ξ
163 2632 230 2719 ipsa
249 2631 396 2732 particula
418 2628 502 2696 ὥστε
523 2651 578 2716 pro
601 2626 646 2708 ὡς
666 2629 850 2695 restituenda
869 2629 1102 2696 videtur'etiam
1121 2629 1154 2695 in
1178 2629 1237 2695 ui-

162 2715 266 2782 nanoht
287 2729 363 2781 orat.
385 2738 411 2778 o.
434 2714 591 2778 Demosth.
621 2717 647 2794 6.
662 2714 718 2780 32.
748 2711 833 2781 οὕτω
864 2715 1087 2804 κατέστρεψεν
1115 2710 1235 2802 ἡτὺχη

75 2819 78 2824 ·
145 2799 267 2866 ’ταῦτα
290 2795 341 2888 ὡς
362 2792 540 2862 τᾶναντί
547 2823 569 2861 α
587 2795 742 2884 γίνεσθαι
753 2802 824 2874 τοῖς
840 2798 1140 2886 προσδοκωμένοις.
1171 2803 1236 2865 La·
1277 2813 1282 2824 '

163 2883 297 2970 gendum
319 2877 402 2948 ὥστ’
423 2877 565 2948 ἐναντία.

247 3001 284 3068 Iu
311 2997 456 3066 Enoomio
484 2999 620 3064 Helenae
649 2995 751 3081 614.
774 2991 890 3084 legitur
914 2993 979 3074 τῶν
1010 2983 1047 3064 εὖ
1076 2985 1182 3086 λέγειν
1201 3017 1234 3066 τι

31 3116 34 3131 ·
162 3083 405 3174 βουληθέντων.
450 3089 509 3150 Pro
532 3076 568 3150 sd
589 3081 696 3170 λέγειν
708 3083 872 3148 nokkerus
893 3082 925 3146 in
946 3081 1112 3184 Addendis⁶
1126 3106 1238 3184 propo·-

162 3166 408 3256 ευῖιεῦλογεῖν,
444 3167 525 3252 quod
553 3187 628 3232 eave
655 3191 694 3232 ue
715 3168 755 3232 ab
779 3191 815 3232 eo
836 3165 976 3252 accipias.
1020 3172 1148 3252 Saeptum
1167 3190 1238 3252 qut-

163 3256 233 3320 dem
243 3253 318 3319 haec
331 3254 426 3318 verba
438 3274 457 3316 a
468 3249 600 3316 librariis
612 3251 690 3316 intet
702 3273 735 3316 se
749 3265 916 3337 permutata
929 3260 1014 3330 sunt,
1024 3265 1057 3314 ut
1070 3242 1103 3315 in
1109 3252 1236 3316 Panath·

165 3343 192 3422 6.
202 3341 256 3406 38.
271 3343 370 3422 Euag.
388 3341 478 3418 611.
508 3335 570 3402 Sed
587 3335 667 3420 quod
682 3335 762 3400 inter
777 3350 934 3420 utrumqne
951 3333 1065 3412 obtinet
1080 3335 1238 3412 disodmpn

32 3423 33 3469 λ
163 3417 195 3488 h.
217 3423 241 3487 l.
264 3419 303 3488 de
322 3419 529 3486 immutatione
550 3419 682 3504 cogitare
701 3443 757 3484 nos
777 3433 888 3504 vetat„
915 3415 971 3497 Est
992 3413 1072 3482 enim
1093 3415 1239 3506 εὐλογεῖν

164 3508 309 3572 laudibus
329 3504 461 3596 ιρῖῖνιτ,
490 3503 571 3588 quod
591 3503 618 3568 si
639 3503 689 3568 hio
709 3503 857 3568 voluisset
876 3505 1038 3584 Isocrates,
1062 3501 1238 3584 addidisset,
1346 3575 1349 3582 Ι

164 3589 285 3678 opinor,
315 3589 388 3654 τινὰ
415 3588 468 3652 vel
494 3583 602 3665 τινάς,
643 3587 699 3674 (ut
719 3583 751 3650 in
771 3583 873 3652 Busir.
888 3589 925 3667 Χ6.
939 3585 972 3652 4.
995 3586 1071 3664 τοὺς
1093 3583 1239 3672 εὐλογεῖν

163 3675 255 3752 τινὰς
274 3670 513 3758 βουλομένους)
535 3693 595 3736 non
616 3693 658 3736 τι.
705 3673 818 3736 conus
839 3663 876 3736 εὖ
903 3667 1007 3756 λέγειν
1028 3684 1073 3734 εει
1094 3671 1171 3733 deae
1192 3669 1238 3758 (i.

32 3784 35 3827 ι
164 3785 192 3825 ε.
215 3759 255 3826 ad
275 3758 361 3842 leges
382 3752 473 3842 artis)
495 3756 620 3831 dicere,
651 3767 684 3818 ut
712 3753 745 3818 in
766 3759 861 3840 Gypr.
885 3756 958 3835 61.
981 3753 1057 3830 τοὺς
1076 3747 1113 3820 εὖ
1135 3750 1242 3840 λέγειν

164 3840 422 3925 ἐπιουμοῦντας.
473 3845 523 3906 De
540 3831 647 3904 Antid.
671 3842 697 3919 6.
711 3833 766 3904 47.
789 3833 854 3904 τοῖν
875 3837 934 3914 τὰς
957 3835 1050 3914 δίκας
1071 3832 1108 3904 εὖ
1129 3834 1240 3924 λεγόν-

164 3952 240 4006 τοιν,
263 3939 294 3994 et
314 3923 399 3992 ahioi.
442 3927 528 4004 Quae
548 3921 727 4008 significatio
747 3936 850 3988 nostro
869 3921 937 3986 loco
959 3920 1072 4006 optime
1090 3917 1241 3988 ‘convenite

33 4092 36 4121 ,
250 4039 378 4108 Panath.
397 4042 422 4122 6.
437 4043 491 4105 21.
509 4039 543 4104 in
563 4039 667 4106 verbis
687 4037 744 4140 τῖρς
762 4027 986 4128 ψευδολογίας
1006 4029 1070 4124 τῆς,
1086 4035 1166 4124 περὶ
1184 4035 1243 4118 iud

33 4138 37 4199 ἱ
84 4151 88 4158 ·
168 4127 357 4215 γιγνομένης
379 4122 547 4210 pronomini
574 4147 634 4188 non
665 4139 762 4188 mator·
788 4121 837 4188 vis
868 4121 947 4186 inest
978 4139 1067 4204 quam
1098 4131 1243 4208 sequente

33 4232 36 4303 2
165 4233 256 4276 versu
276 4217 335 4276 τοῦ
358 4210 404 4296 μὴ
427 4205 595 4274 δύνασθαί
615 4210 802 4290 μεταχεῖν.
852 4207 918 4272 Νευ
948 4219 1050 4270 tamen
1076 4225 1168 4268 ausus
1197 4214 1243 4268 est

166 4293 328 4360 Bekkems
348 4291 482 4380 resipere
511 4292 592 4379 qood
613 4291 818 4381 praebebatur·
834 4289 874 4356 ab
897 4289 1044 4356 Urbiuate
1082 4281 1163 4376 napi
1190 4311 1241 4370 με,
1328 4305 1331 4309 ’

927 4389 949 4452 6
