2982 4992
491 1163 534 1240 S.
579 1163 622 1238 F.
666 1161 712 1238 N.
762 1161 967 1240 MORI

279 1339 1320 1430 PRAEFAT'IO'

419 1517 709 1583 nnrrrours
749 1513 1031 1606 natusne)

187 1741 235 1833 St
255 1769 432 1834 Graecorum
459 1781 605 1834 oratorum
632 1776 908 1848 praestantissimam
937 1797 967 1836 a·
981 1795 1028 1836 mo
1048 1786 1197 1837 mearam
1217 1775 1262 1840 di·

188 1879 270 1930 mm,
300 1879 335 1916 ea
355 1857 455 1917 videar
473 1855 608 1917 Isocratis
628 1859 870 1920 emendatione
889 1863 951 1938 nti,
981 1882 1054 1936 quac
1076 1871 1105 1920 et
1121 1863 1261 1938 praecipi·

188 1944 228 2000 tis
247 1942 363 2017 iudicii,
400 1951 430 2000 et
456 1943 521 2000 vani
552 1945 660 2002 amoris
688 1942 940 2018 reprehensionem
966 1956 1126 2006 mereatorc
1162 1945 1214 2006 sed
1233 1950 1261 2007 si
1357 2013 1361 2022 ⁸

189 2027 461 2102 praestantissimam
482 2029 546 2086 eina
565 2029 733 2102 particulam
751 2029 921 2103 explicatam
941 2033 1080 2102 arbitrer,
1100 2029 1173 2090 nihil
1192 2053 1261 2105 pro-

188 2111 264 2172 lecto
285 2113 417 2185 scottiam,
438 2111 517 2186 qnod
533 2131 593 2169 non
613 2112 720 2170 dodoau
741 2111 912 2172 doctissimis
924 2113 1086 2174 hominibus
1104 2117 1259 2190 placuerit:

186 2195 260 2256 adeo
280 2216 338 2254 tana
359 2205 389 2254 et
417 2196 598 2254 consentiens
623 2198 750 2254 omnium
778 2199 874 2269 opinio
895 2196 1073 2275 Panegyrico
1102 2202 1264 2275 principun.

186 2283 346 2340 orationum
367 2277 584 2338 hoereticum
612 2280 710 2338 loom
737 2280 883 2354 aminon,
915 2290 948 2340 ut
973 2292 1057 2356 turpe
1083 2285 1139 2357 sit,
1176 2303 1260 2342 suan

186 2367 355 2428 sententiam
382 2385 399 2424 a
413 2365 601 2466 'reliquorum
624 2363 731 2422 indicio
760 2383 904 2438 separare.
952 2361 1052 2440 Itaque
1081 2387 1137 2424 non
1164 2368 1260 2426 solnm

186 2451 373 2528 principatum
394 2450 423 2508 ei
443 2448 613 2526 concedam
645 2446 716 2522 sed,
738 2447 868 2508 adiuncta
889 2447 991 2508 honori
1011 2451 1141 2509 utilitatis
1162 2449 1259 2526 laude,

184 2535 277 2594 veluti
296 2535 379 2594 basin
398 2535 486 2594 totius
506 2531 642 2597 laceratis
668 2551 734 2594 esse
753 2531 899 2608 profitear.
943 2529 1013 2594 Sive
1034 2537 1110 2594 enirn
1129 2535 1259 2610 reliquae

185 2622 249 2680 citis
277 2621 418 2678 orationes
451 2621 625 2692 posteriores
651 2615 831 2694 Panegyrico
865 2620 939 2694 aint;
980 2639 1045 2678 ease
1072 2633 1167 2678 autem
1196 2620 1257 2680 sere

185 2725 300 2780 ornnes,
331 2705 383 2762 vix
403 2702 527 2762 dubitari
548 2711 659 2778 potest3
691 2705 752 2760 sive
775 2711 856 2762 antea
876 2701 1012 2778 praedam
1034 2704 1174 2776 ediderit,
1195 2714 1257 2762 tan·

184 2800 243 2850 tom
264 2799 359 2848 temen
385 2785 491 2846 habent
516 2807 580 2846 cum
600 2785 777 2862 Panegyrico
805 2787 1040 2862 ohnilitudinam,
1065 2798 1116 2863 ιιι,
1146 2789 1172 2846 si
1192 2789 1257 2862 quis
1336 2784 1339 2789 ’

185 2893 285 2934 recens
305 2873 341 2932 ab
366 2869 453 2930 hrains
479 2871 601 2930 lectione
628 2871 665 2930 ad
691 2881 820 2928 coeterna
847 2874 1014 2944 accesserit,
1052 2869 1193 2946 etquid,
1228 2881 1258 2932 οι

185 2957 327 3033 qrroanodo
348 2956 474 3016 horma
491 2956 530 3016 sit
550 2952 707 3030 isocrates,
730 2973 934 3030 saepenumero
954 2955 1081 3022 divinare
1097 2957 1199 3032 possit.

269 3122 372 3200 Neque
398 3145 468 3186 aero
495 3121 551 3184 hoc
578 3125 717 3200 temporis
747 3144 833 3186 cansa
870 3125 949 3202 dixi,
992 3121 1044 3186 aed
1075 3125 1143 3200 ertia
1170 3125 1258 3198 plane

184 3212 287 3286 probo.
329 3205 424 3284 Saepe
450 3211 570 3270 miratos
595 3229 677 3284 mna,
710 3226 797 3284 com,
832 3213 863 3268 in
883 3233 942 3286 qno
965 3211 1053 3270 inerit
1080 3219 1159 3270 tanta
1177 3212 1257 3268 inve·

184 3295 282 3356 niendi
301 3295 442 3370 felicitas,
473 3303 549 3353 tonte
569 3315 655 3369 porro
676 3295 828 3367 eloprendi
847 3297 984 3372 iourltas,
1020 3293 1129 3354 ιιιιιιιιιιι
1149 3293 1258 3352 ordinis

185 3380 327 3456 studium,
355 3389 433 3439 tanta
451 3378 611 3439 divinarum
630 3375 872 3455 hirmanaurmqne
898 3396 997 3440 rernm
1017 3379 1151 3452 scientia,
1181 3387 1258 3438 tanta

185 3464 313 3540 quotidie
332 3463 526 3538 praecipiendi
552 3464 738 3535 exercitatio,
768 3484 835 3524 erun
854 3459 1104 3540 ergoincr'edihili
1125 3462 1258 3522 similitu·

186 3549 253 3608 dine
270 3549 414 3608 scribendi
441 3567 499 3608 nou
528 3548 599 3606 satia
618 3547 746 3620 opulenti
769 3551 892 3612 arauris
912 3551 1101 3624 suspicionem
1121 3548 1273 3614 movisse.¹

185 3631 298 3709 Igitur,
324 3635 438 3710 inquis,
467 3652 531 3692 nrm
558 3633 762 3690 sententiarum
782 3633 853 3692 ordo
881 3653 947 3694 cnm
973 3633 1011 3692 ad
1031 3633 1171 3694 maiouim
1193 3629 1258 3698 laa-

187 3717 240 3778 dea
266 3716 402 3792 deduxit,
431 3717 537 3792 ubique
557 3713 682 3776 suanis
713 3726 743 3774 et
761 3713 913 3776 Marathon
941 3718 1099 3778 dicenturl.
1133 3715 1187 3778 Est
1206 3721 1259 3778 ita.

187 3800 264 3861 Gom
283 3801 448 3878 dignitatem
468 3803 578 3878 patriae
598 3799 742 3860 collaudat
748 3841 760 3872 ,
781 3799 856 3860 nihil
871 3804 927 3861 nisi
949 3801 1129 3879 aborigines,
1149 3805 1259 3878 legum,

186 3887 321 3964 surg-nm,
357 3885 558 3962 philosophiae
590 3887 781 3946 inventionem
814 3887 1011 3960 praedicabit?
1062 3887 1162 3947 Debes
1190 3907 1260 3947 sero

187 3970 242 4030 hoc
260 3972 349 4030 ferre.
391 3967 449 4030 Ubi
471 3991 540 4046 ergo
561 3989 687 4029 amorem
708 3971 816 4044 patriae
841 3971 992 4046 alitptattdo
1013 3993 1192 4032 commovero
1213 3991 1261 4030 co·

188 4066 271 4116 natus
293 4065 356 4134 est,
383 4064 534 4115 venturum
553 4075 601 4114 nae
621 4075 686 4114 cnm
707 4075 742 4114 eo
763 4055 799 4114 ad
820 4053 1010 4116 Artemisium
1030 4068 1060 4116 ot
1079 4057 1260 4132 Thermopy-

223 4237 386 4306 )Secnnda
403 4237 626 4301 prodiita.178li.
646 4238 737 4300 tertia,
755 4249 840 4290 curan
856 4241 919 4291 acc
930 4242 960 4294 0.
972 4242 1130 4300 Wendlero,
1144 4253 1168 4286 ι.
1184 4235 1260 4289 1804.
1325 4237 1332 4250 ‘

254 4305 544 4372 suntntansphnii
560 4307 696 4371 prium.
715 4271 792 4358 t'tert.
