2982 4992
246 435 342 491 xm
574 405 983 481 PRAEFATIO

179 580 183 584 Ι
234 591 404 670 Α«1εεετνῐῒαν
425 590 538 668 seilieet
558 597 679 684 vnigmi
698 596 956 706 grammaticorum
976 597 1101 697 reguiam
1116 595 1168 666 du
1183 599 1219 669 ui
1235 627 1322 752 προ-

245 687 360 766 θέσεις
382 682 601 775 ὀρθμτσνοῖνσν
619 683 679 762 τὰς
699 679 915 764 αντωνυμίας.
960 683 1018 748 cui
1039 698 1215 769 optimorum
1231 709 1266 752 oo
1288 688 1320 754 d.

245 773 404 842 auotoritas
430 793 492 835 nou
519 783 585 834 erat
609 767 818 854 posthabenda
842 791 941 851 neque
968 767 1017 831 bio
1042 772 1259 850 11111122.
1282 773 1321 836 de
1349 813 1352 818 ·

236 857 355 924 'Antid
375 858 403 939 1.
422 856 454 918 4.
476 857 531 920 31.
555 855 628 918 163.
651 854 724 919 165.
752 851 907 936 multoque
932 850 1031 916 miuus
1056 853 1180 916 lsoorati
1201 853 1322 918 obtrudi

248 942 399 1007 debebant
423 952 555 1004 monebu
581 937 637 1004 dia
665 934 744 1023 περὶ
784 942 836 1002 τοῦ
855 934 963 1001 Antid.
992 939 1021 1017 1.
1034 938 1068 1002 6.
1090 949 1121 1000 et
1142 936 1221 1024 περὶ
1245 933 1323 1021 'poio

244 1025 322 1097 ibid.
353 1027 381 1107 1.
400 1026 454 1090 32.
478 1023 552 1094 tat.
590 1021 767 1109 Monosylia
864 1019 944 1086 enim
972 1019 1098 1086 sormam
1128 1014 1332 1108 dodorooeiw.

187 1155 188 1164 ν
246 1116 331 1178 σθαι
350 1131 412 1173 non
433 1129 525 1194 posse
544 1119 678 1189 onustat,
707 1123 737 1171 et
757 1103 877 1170 eiisioni
896 1118 967 1192 post
987 1105 1065 1192 περὶ
1085 1105 1186 1172 nuilus
1207 1121 1253 1170 est
1273 1107 1322 1172 lo·

245 1216 317 1278 eos,
346 1215 424 1278 quae
449 1191 630 1280 praepositis
657 1189 832 1278 saepissime
853 1203 884 1255 et
903 1189 986 1276 apud
1005 1193 1167 1256 isonateru
1189 1205 1220 1256 et
1239 1191 1322 1278 apud

245 1287 350 1366 poetas
364 1276 517 1364 praeeedit
533 1277 738 1342 ronniem-
758 1275 837 1340 lbid.
858 1276 886 1356 1.
897 1277 951 1341 68.
973 1270 1034 1340 οὐκ
1051 1274 1086 1341 ἐκ
1102 1272 1227 1342 τούτων
1242 1276 1321 1364 ibre-
1408 1284 1412 1289 '

246 1387 306 1451 ρον
324 1362 360 1442 ἐξ
380 1352 426 1428 ὧν
446 1356 545 1428 αὐτοὶ
560 1361 734 1428 διέσωσαν.
788 1359 953 1426 Bekkerus
972 1359 1020 1424 nd
1049 1358 1082 1426 b.
1111 1359 1134 1424 l.
1162 1361 1267 1426 maluit
1285 1361 1324 1440 ἐξ

246 1449 365 1513 ε1εεεε.
408 1445 471 1513 Sed
491 1467 622 1511 errorem
642 1443 814 1510 mnarmrit
829 1444 861 1508 in
876 1443 1047 1525 Addendis,
1068 1444 1217 1532 exemplis
1236 1443 1322 1510 simi·

245 1531 285 1597 lis
302 1529 486 1640 repetitionis
507 1530 622 1612 aluus,
649 1529 759 1616 quibus
779 1553 820 1595 ex
839 1533 970 1596 Isocrate
991 1529 1066 1594 baec
1086 1529 1158 1594 addi
1177 1545 1321 1614 possunt:

247 1611 319 1685 οὐκ.
334 1641 377 1682 εκ
405 1611 566 1684 τούτων
595 1610 724 1681 δίκαιόν
752 1613 823 1682 ἔστι
843 1619 981 1681 σκοπεῖν
1000 1615 1059 1702 τὴν
1078 1615 1243 1696 βασιλέως
1264 1611 1322 1682 dri-

246 1688 1210 1865 eroff,ttuttresenreutertotto

246 1867 385 1934 ἕκαστον
409 1861 518 1934 αὐτῶν
545 1869 617 1934 Hel.
639 1870 667 1951 1.
682 1869 795 1934 55ν-
814 1865 1105 1949 111117211ιὶ
1132 1891 1236 1934 omues
1264 1867 1322 1934 ha·

246 1952 336 2018 brute
356 1947 518 2040 Μεσσήνη
534 1951 689 2039 Νέστορα
708 1951 855 2039 παρέσχε
871 1950 929 2018 τὸν
945 1950 1196 2039 φρονιμώτατον
1213 1949 1321 2020 ἁπάν-

244 2061 311 2103 των
339 2039 405 2102 νῦν
430 2031 505 2102 κατ’
528 2034 651 2104 ἐκεῖνον
674 2035 731 2102 τὸν
751 2033 869 2124 χρόνον
895 2035 1152 2122 γενομένων,
1184 2061 1240 2125 pro
1261 2062 1321 2122 quo

245 2119 408 2187 Bekkerus
429 2119 512 2185 dedit
558 2115 769 2202 ενόμενον.
813 2124 942 2186 Causam
957 2119 1126 2208 perspicere
1139 2122 1251 2190 frustra
1268 2147 1321 2188 eo·

245 2218 333 2270 natus
354 2228 432 2270 aum.
463 2143 553 2270 coni.
575 2204 615 2270 de
634 2210 713 2270 Pane
734 2207 761 2286 1.
774 2203 829 2274 43.
851 2200 1128 2288 ἀπολελείμμεθα
1150 2211 1215 2276 τῶν
1242 2203 1319 2272 κατ’

246 2287 447 2357 ἐκεῖνοντὸν
466 2285 583 2378 χρόνον
598 2288 793 2438 pavendum.
817 2325 860 2342 -
887 2289 967 2356 ibid.
991 2295 1018 2372 1.
1033 2293 1087 2356 89.
1110 2292 1189 2356 male
1209 2293 1321 2376 vulgo·

244 2386 307 2441 tau
324 2373 483 2439 lectionem
502 2373 597 2440 Μενὲ
617 2397 662 2440 ειν
689 2372 812 2438 retinnit
833 2373 1013 2454 Bekkerus,
1045 2397 1137 2458 quum
1166 2377 1331 2452 meliorem¹

243 2459 387 2542 praebeat
402 2457 529 2522 Urbinas
545 2452 733 2524 Μενελάου.
770 2461 858 2524 Hane
875 2456 955 2522 enim
972 2457 1200 2526 declinationem
1215 2485 1319 2528 omues

241 2541 382 2628 Isocratis
409 2540 478 2606 iibri
505 2553 625 2605 tuentur
653 2539 685 2604 in
713 2540 769 2604 hae
798 2564 890 2622 roae,
921 2538 1099 2609 Μενελάου
1120 2544 1201 2610 inire
1222 2550 1249 2629 1.
1263 2548 1317 2612 89.

244 2639 275 2690 et
294 2627 367 2690 Hei.
389 2629 416 2708 §.
433 2627 486 2692 51.
519 2621 681 2710 Μενελάῳ
704 2625 775 2690 Ηε1.
798 2629 825 2708 1.
838 2627 893 2690 62.
926 2627 1099 2692 Μενέλαον
1119 2652 1211 2714 supra
1224 2635 1251 2712 1.
1263 2635 1317 2698 72.

243 2709 439 2795 similiterque
456 2705 653 2796 Ἀγησίλαος
674 2714 788 2792 Paneg.
812 2713 840 2792 1.
857 2709 931 2776 144.
961 2711 1073 2798 Philip.
1097 2717 1124 2794 1.
1134 2717 1189 2780 86.
1220 2717 1329 2801 Epist-

215 2815 219 2826 ’
242 2797 303 2859 tx.
326 2798 355 2877 1.
374 2800 425 2861 11.
461 2788 660 2942 ἰἔῖησιλάου
680 2798 794 2879 Paneg.
825 2797 943 2876 1153.
979 2791 1176 2882 Ἀγησίλαον
1205 2801 1318 2887 Pbilip.

206 2911 209 2916 ¹
244 2881 259 2962 1
289 2881 333 2944 62
366 2917 411 2930 -
438 2877 516 2944 11”.
546 2879 641 2962 199.
668 2878 726 2968 τὴν
747 2873 909 2966 ἡμετέραν
930 2875 1029 2946 πόλιν
1050 2877 1158 2960 οὐδεὶς
1178 2878 1218 2950 dv
1240 2881 1317 2954 οὐδ’

243 2959 350 3029 εἰπεῖν
376 2960 620 3050 τολμήσειε-
646 2958 690 3042 ὡς
719 2966 870 3027 τοιοῦτον
902 2963 937 3028 ἐν
970 2969 1041 3041 τοῖς
1072 2961 1255 3050 συμμάχλυς
1284 2995 1319 3038 τι

242 3037 664 3194 διαπραξαμένρωρὲν.
718 3045 922 3131 'turpissimus
958 3047 1056 3113 bintus
1085 3051 1138 3135 qui
1167 3067 1213 3118 est
1240 3054 1336 3120 inter'
1411 3118 1413 3122 ,
1478 3085 1479 3088 ’

243 3129 302 3194 duo
323 3144 472 3216 postremo
493 3151 550 3194 roo
645 3175 657 3212 ,
679 3153 777 3214 neque
797 3131 921 3196 Isocrati
942 3131 1085 3214 debetur,
1108 3159 1205 3220 neque
1227 3139 1318 3204 etiam

241 3209 389 3296 librariis,
410 3211 466 3278 sed
488 3213 644 3278 dumtaxat
664 3213 839 3279 editoribus.
882 3215 1011 3281 Urbinas
1033 3219 1114 3284 enim
1134 3220 1226 3288 babet
1241 3225 1318 3290 δια-

241 3296 1316 3474 tttt‘tttrttttttttttttttttuuttttest:

239 3463 350 3530 remoto
371 3479 491 3540 secutura
512 3481 558 3531 est
577 3466 752 3532 Bebkerus.
805 3474 939 3552 Uterque
949 3469 1090 3543 ,offensus
1111 3496 1178 3538 esse
1195 3415 1316 3540 videiur

240 3549 474 3634 construetione,
506 3573 597 3635 quum
617 3575 677 3616 non
698 3564 837 3636 putarent
857 3551 959 3634 verbis
980 3553 1099 3620 dicendi
1118 3555 1204 3642 iungi
1246 3584 1314 3626 osse

239 3634 442 3698 eneruatirum
462 3657 530 3698 cum
571 3634 724 3722 anticipio,
754 3635 857 3700 addita
877 3635 1023 3722 particula
1045 3634 1100 3716 ὡς.
1145 3585 1245 3722 Quod
1256 3644 1315 3710 etsi

239 3716 423 3794 rarissimum
436 3741 503 3783 esse
516 3659 650 3784 {ibenter
665 3720 817 3800 confitear,
839 3733 940 3785 tamen
960 3721 1034 3786 alibi
1055 3747 1173 3809 quoque
1190 3727 1231 3791 ab
1244 3731 1312 3794 Iso·

238 3815 319 3864 erate
339 3801 448 3865 suetum
470 3802 738 3888 deprehendimus:
770 3804 854 3890 λέγω
876 3799 912 3870 d'
935 3800 995 3888 οὐχ
1021 3802 1067 3884 ὡς
1092 3807 1312 3896 δυνησόμενον

238 3879 374 3964 ἁπάσας
396 3905 433 3951 σε
451 3883 667 3974 μιμήσασθαι
693 3887 753 3966 τὰς
780 3883 981 3976 Ἡρακλέους
1007 3888 1146 3976 πράξεις
1177 3895 1309 3982 Philipp.

149 4011 154 4019 -
237 3969 265 4047 1.
285 3968 358 4043 114.
380 3983 411 4032 et
430 3969 491 4034 alia
512 3971 658 4054 quaedam
680 3972 820 4058 exempla
843 3972 985 4058 leguntur
1010 3976 1090 4062 apud
1112 3977 1310 4046 Matthiaeum

234 4056 290 4118 Gn
311 4075 345 4138 p.
363 4054 456 4119 1124.
478 4087 522 4104 -
555 4056 689 4136 11111.
708 4059 781 4122 171.
812 4050 871 4138 οὐχ
898 4052 1023 4140 ὁμοίως
1049 4056 1204 4139 ἔγνωσαν.
1255 4065 1309 4130 Ad

234 4134 310 4201 baeo
331 4137 495 4202 Bebkerus
521 4139 679 4204 annotavit
698 4183 720 4220 ,,
727 4139 853 4204 fortasse
873 4141 1036 4226 legendum
1055 4141 1168 4224 ὅμοια.
1178 4155 1201 4186 “
1242 4147 1308 4212 Mi-

232 4219 313 4285 nime
332 4244 417 4286 vero.
461 4226 600 4306 Ingratos
621 4222 779 4288 exsisteret
805 4223 923 4306 itiatus,
954 4225 1043 4291 etin
1070 4226 1218 4295 adverbio
1246 4255 1306 4297 non

232 4316 289 4385 est,
310 4327 370 4389 quo
391 4305 563 4374 offendaris.
606 4306 697 4372 Geni.
714 4305 826 4395 Philip·
848 4311 876 4391 1.
891 4309 945 4374 19.
966 4304 1027 4392 οὐχ
1042 4303 1166 4394 ὁμοίιος
1181 4311 1306 4403 ἔγνωκα
