2982 4992
264 381 390 448 mlv
598 369 707 434 Motu
735 368 1007 434 conmoritur

263 569 294 628 in
315 573 438 624 mentem
459 561 569 622 venerit
589 557 661 618 illud
683 551 743 638 ἤδη
762 552 799 629 V}
819 551 870 636 i'rq
890 579 1006 634 ponere.
1049 556 1211 620 Diodorum
1232 569 1337 634 autem,

265 650 487 712 consentientem
507 647 569 704 fere
590 643 791 719 chronologiae
811 641 1060 720 Xenophonteae,
1086 656 1199 720 tamque
1229 645 1338 704 studio·

265 755 328 796 sum
348 735 378 792 in
399 731 529 790 notandis
549 731 692 803 runneris,
729 738 844 788 etcum
873 750 908 788 eo
936 734 1109 790 recentiores
1139 729 1338 808 chronologos,

264 819 458 894 negligentiae
485 817 653 888 errorisque*
680 815 710 872 io
741 814 818 870 omni
847 813 898 871 illa
918 816 993 875 serie
1014 835 1197 878 normerorum
1217 836 1338 891 arguere

265 905 359 978 velle,
390 903 571 960 temerarium
598 900 694 958 fuerit.
738 895 921 972 Relinquitur
951 920 1038 976 ergo,
1070 909 1102 958 ut
1122 901 1170 960 vel
1189 921 1338 976 negemus,

265 989 348 1048 nobis
369 986 405 1046 de
426 996 484 1046 tota
504 1005 535 1044 re
557 994 701 1042 constare:
724 1003 795 1056 quoe
817 993 848 1040 ut
869 993 913 1042 est
933 1004 1019 1060 saepe
1039 983 1159 1052 honesta
1181 987 1338 1058 excusatio,

266 1076 307 1132 ita
327 1071 420 1130 rideri
441 1080 536 1146 potest
557 1067 701 1127 interdum
722 1069 866 1125 occultare
887 1068 1012 1128 taedium
1034 1069 1189 1146 quaerendi
1211 1081 1240 1128 et
1260 1073 1338 1146 cogi·

262 1151 362 1216 ’ίαιιιὶὺ
384 1157 432 1216 vel
452 1153 608 1214 Isocratem
629 1153 739 1212 duobus
760 1153 831 1210 locis
851 1154 1052 1227 interpolatum
1075 1157 1262 1227 suspicemur.
1305 1153 1341 1214 Id

268 1253 363 1302 erotem
392 1242 433 1298 sic
461 1237 679 1314 intelligendum
709 1247 770 1310 est,
808 1257 845 1295 ex
871 1257 896 1296 o.
920 1235 1062 1296 XXXV.
1093 1239 1248 1299 tollendam
1275 1259 1340 1299 esse

268 1325 341 1384 hanc
362 1325 547 1424 particulam·
578 1321 641 1380 Kal
671 1315 725 1396 τὴν
745 1315 892 1398 Θηβαιων
921 1319 1045 1395 Kod‘i'
1006 1343 1080 1380 issar
1112 1319 1280 1398 κατέλαβον
1297 1358 1341 1370 -·

267 1445 311 1458 -
333 1411 375 1468 τῶ
399 1399 589 1468 Μακεδόνων
616 1406 751 1482 βασιλεῖ,
790 1425 873 1464 exc.
893 1403 1053 1465 XXXIX.
1082 1416 1174 1470 totum
1201 1406 1278 1506 lutino
1296 1408 1341 1466 lo·

242 1513 348 1554 'cumr
393 1489 502 1560 0an
502 1498 598 1560 κεῖνος
622 1487 678 1567 μὲν
709 1487 755 1548 ἐπὶ
784 1483 836 1548 τὸν
860 1483 929 1548 πόλι
920 1510 989 1564 tprior
1010 1523 1054 1532 -
1074 1523 1119 1533 -
1139 1491 1200 1550 τῶν
1221 1482 1342 1568 ομόρων

271 1577 367 1657 ζητεῖν
390 1570 539 1658 ἐπάρχειν
582 1573 693 1648 Nempe
715 1583 837 1634 attentus
866 1574 903 1632 ad
923 1573 1070 1632 historiam
1099 1597 1232 1652 graecam
1252 1576 1342 1634 lector

269 1664 341 1722 haec
362 1660 529 1722 Isocraticee
550 1661 703 1718 narrationi
725 1657 849 1733 addidit,
881 1681 954 1732 quae
975 1662 1061 1718 sciret
1082 1672 1179 1734 postea
1200 1663 1340 1722 evenisse.

270 1747 384 1808 Venun
403 1747 491 1806 simul
511 1766 544 1804 ae
565 1747 698 1826 cogito,
704 1745 734 1802 in
755 1743 818 1802 loco
840 1743 875 1802 de
899 1741 1030 1821 Olyntho
1053 1747 1106 1802 νῦν
1125 1755 1154 1804 et
1176 1746 1258 1821 note
1261 1747 1340 1806 roi-or

270 1844 397 1906 tempore
417 1831 558 1906 praesenti
579 1829 655 1906 legi,
692 1839 721 1886 et
742 1827 778 1886 de
796 1823 927 1906 Amynta
947 1850 995 1905 σοι
999 1823 1197 1906 οιοάττοιῃσι
1227 1852 1340 1891 ornnem

270 1915 342 1976 hanc
363 1918 553 1974 coniecturam
573 1913 746 1994 repudio;
745 1914 849 1972 saltem
869 1912 1052 1974 vehementer
1073 1915 1190 1974 dubito·
1218 1936 1340 1990 natoque

269 2005 334 2062 rivo
355 1997 500 2074 Isocrate,
534 2001 607 2061 uixit
627 2007 723 2056 autem
743 1997 818 2056 ultra
839 1995 910 2058 hoec
931 2008 1074 2074 tempora,
1109 2020 1192 2058 nemo
1214 2003 1340 2076 interpo-

268 2085 330 2146 lare
352 2086 507 2144 orationem
528 2103 614 2142 ausus
635 2091 693 2140 est:
712 2102 767 2140 cur
785 2103 872 2160 ergo,
895 2085 942 2157 qui
964 2085 1163 2159 interpolavit,
1186 2107 1273 2160 quum
1294 2105 1340 2144 res

268 2172 326 2228 iam
346 2179 445 2245 gestae
465 2179 578 2240 essent,
608 2187 664 2226 non
685 2167 840 2240 perfectum
860 2171 1027 2242 usrrrpavitt
1071 2167 1185 2228 Gentius
1206 2170 1340 2230 urendum

270 2256 390 2314 alterins
411 2255 469 2313 loci
489 2253 526 2312 de
550 2251 707 2312 desectione
727 2247 859 2329 Aegypti
886 2251 1080 2316 demonstrare
1110 2274 1236 2330 possrnn.
1280 2252 1340 2314 Ter

268 2343 358 2416 igitur
392 2341 487 2414 reperi
524 2335 695 2414 Aegyptum
731 2337 766 2394 ab
792 2335 958 2396 Artaxerxe
984 2335 1139 2404 Mnemone
1173 2338 1339 2401 descivisse.

268 2423 397 2484 Primum
418 2422 670 2494 Lacedaemoniis,
704 2417 859 2480 aConone
879 2422 955 2480 bello
977 2426 1075 2497 petitis
1093 2430 1130 2500 ει),
1160 2421 1339 2500 Nepherens,
1439 2463 1443 2468 -

269 2505 402 2584 Aegypti
422 2527 492 2582 rex,
513 2507 654 2564 frumenta
674 2506 772 2578 misit,
800 2527 873 2580 quae
895 2517 939 2565 est
961 2501 1150 2583 ἀποστασία,
1172 2508 1340 2570 desectionis

269 2613 288 2652 a
308 2611 376 2668 rege
393 2589 509 2650 Persice
529 2590 680 2665 professio.
726 2586 858 2648 Secundo
876 2588 1000 2666 Aeonis,
1022 2613 1075 2651 rex
1092 2592 1241 2670 Aegypti,
1264 2593 1340 2654 Eua·

268 2696 367 2753 goram
388 2685 487 2750 contra¹
504 2671 609 2734 Persas
634 2675 744 2750 iuvit,
755 2671 908 2749 habuitque
938 2676 1095 2736 adiutorem
1117 2673 1218 2753 Gaon,
1257 2700 1341 2755 prae·

268 2762 374 2820 fectum
400 2745 502 2819 classis
530 2753 822 2831 Persicaeb).1am
850 2758 905 2818 hae
934 2761 1049 2834 quidem
1076 2761 1249 2824 defectiones
1276 2785 1340 2824 cum

266 2865 302 2906 eo
328 2855 457 2919 tempore
485 2842 675 2921 Panegyrici,
712 2843 788 2916 quod
809 2844 873 2902 ab
865 2845 946 2902 mitio
976 2849 1146 2906 constituere
1177 2851 1268 2907 conati
1290 2869 1340 2908 su·

265 2951 347 3003 mus,
388 2931 573 3004 conveniunt3
609 2929 661 2987 sed
689 2947 743 2986 nec
770 2926 950 2987 Artaxerxes
979 2932 1028 2988 vel
1048 2929 1200 3005 Nephereo
1229 2934 1340 2992 bellum

264 3015 398 3072 intulisse
419 3033 538 3088 osquam
559 3013 696 3085 traditur,
724 3011 772 3069 rel
792 3009 933 3085 Acoridi,
964 3020 1071 3084 (contra
1094 3037 1180 3090 quem
1201 3019 1263 3076 sine
1286 3018 1338 3075 du-

265 3098 312 3155 bio
332 3097 450 3156 ultionis
469 3097 583 3171 studio,
613 3095 694 3154 finito
716 3094 831 3154 demum
852 3097 929 3156 bello
952 3110 1047 3158 contra
1068 3097 1246 3177 Euagoram,
1283 3123 1338 3161 ex·

264 3183 438 3258 peditionem
458 3182 569 3256 paravit
581 3186 619 3256 c)‚
646 3200 808 3255 quanquam
831 3183 926 3255 ipsum
953 3184 1060 3242 bellurn
1078 3187 1172 3244 serius
1193 3208 1259 3244 cum
1280 3185 1338 3246 Ne·

264 3267 375 3327 ctanebi
394 3275 507 3342 gestrnn
528 3270 597 3342 est),
618 3285 671 3324 nec
691 3264 758 3322 talis
779 3265 834 3324 fuit
854 3276 989 3341 eventus,
1011 3271 1137 3341 potuitve
1155 3291 1237 3347 esse,
1259 3271 1337 3330 bello

263 3372 320 3410 non
340 3361 439 3428 gesto,
471 3351 563 3426 qualis
588 3351 619 3408 iu
647 3349 711 3408 loco
731 3343 884 3409 lsocratico
906 3349 1083 3411 describitur.
1127 3349 1220 3429 Igitur
1239 3375 1337 3414 narra·

264 3439 304 3494 tio
327 3437 447 3494 oratoris
469 3455 485 3492 a
506 3437 550 3494 rei
570 3444 669 3510 gestae
690 3435 809 3492 veritate
830 3433 973 3494 abhorret.
1016 3435 1114 3496 Tertia
1135 3437 1268 3515 Aegypti
1286 3440 1337 3498 de·

263 3519 349 3578 sectio
379 3519 464 3592 plane
490 3521 531 3577 sic
560 3527 673 3578 narrata
701 3528 745 3576 est
772 3515 937 3578 aDiodoro
953 3515 994 3594 ¹¹),
1029 3543 1117 3596 quum
1145 3523 1237 3596 quood
1256 3524 1337 3584 drrcis

262 3601 439 3662 Pharnabazi
459 3623 581 3679 nomen,
617 3612 678 3661 tum
706 3601 800 3677 quoad
829 3614 962 3662 erentmn
983 3625 1035 3663 sen
1054 3605 1213 3666 discessum
1234 3605 1336 3668 Persa·

132 3685 135 3690 ’
166 3753 167 3758 1
261 3710 326 3748 rum
347 3708 385 3748 ex
406 3685 565 3766 Aegypto,
587 3698 621 3746 ut
641 3688 677 3746 sb
698 3683 834 3746 Isocrate.
878 3685 972 3762 Atqui
991 3687 1046 3748 hoc
1067 3691 1194 3766 bellino,
1222 3702 1254 3774 qt
1271 3703 1336 3753 ante

261 3773 405 3845 diximus,
439 3775 581 3832 recentius
602 3782 646 3831 est
675 3781 804 3846 tempore
824 3769 1009 3850 Panegyrici:
1052 3785 1225 3850 quopropter
1245 3787 1335 3836 totum

294 3952 421 4021 a.)1soer
446 3956 580 4020 Pompo.
598 3953 641 4004 il.
668 3955 745 4005 nior.
763 3956 816 4005 Sic.
836 3955 990 4020 1.x1v.p.
1008 3957 1067 4008 703.
1100 3961 1132 4008 sd
1156 3975 1228 4022 quern
1253 3966 1334 4012 locoru

329 4023 512 4086 Wessebngios
535 4038 622 4074 nomen
647 4023 819 4087 Hercynioois
842 4028 909 4088 apud
935 4026 1056 4076 tostinum
1072 4027 1119 4076 VI.
1137 4030 1163 4078 2.
1195 4031 1244 4079 vt.
1261 4031 1287 4092 6,
1306 4033 1333 4080 3.

328 4100 469 4152 comptum
487 4090 591 4140 indicat.

291 4154 419 4226 mutor.
437 4159 489 4207 Sic.
507 4159 571 4207 XV.
588 4173 614 4220 p.
632 4157 658 4206 3.
676 4161 702 4208 6.
719 4161 746 4210 9.
765 4160 806 4211 10

291 4227 320 4289 c)
338 4228 414 4277 Diod.
434 4225 487 4277 sto.
503 4226 565 4274 ibid.
582 4241 607 4290 p.
622 4229 664 4277 2³.

292 4291 394 4358 d)1.tn.
412 4296 574 4359 Epi-³3.
