2984 4988
249 399 298 450 m
487 376 789 466 aneunmruon
812 379 1082 448 raunamrco

376 577 461 645 atque
482 569 544 628 eiua
564 568 677 644 ignaria
697 577 727 627 et
747 565 897 626 infirmitas
923 578 984 627 tum
1011 569 1097 644 alibi,
1136 580 1194 628 uun
1216 571 1245 628 in
1267 591 1318 632 ex-

428 653 572 730 peditione
591 650 662 730 Gyri
684 652 824 711 declarato
846 663 907 728 θείς
929 654 1174 726 §.143-149.
1237 667 1247 686 ·

376 759 443 798 uam
464 747 493 796 et
512 739 619 798 militen
640 745 670 798 et
690 737 777 796 duces
797 746 827 796 et
853 757 987 814 proceres
1015 736 1145 802 homines
1166 749 1232 798 sunt
1253 760 1318 817 per·
1378 817 1381 821 .

428 823 571 882 dirissimi.
595 824 715 898 §.1⁵o.
745 829 813 881 151.

313 906 450 972 Attamen
470 925 523 964 noa
545 925 644 966 omnes
664 899 750 965 malie
770 905 970 980 implicuerunt
984 915 1014 966 et
1033 907 1110 966 omni
1128 916 1255 982 tempore
1275 909 1318 966 in·

428 989 517 1051 tidiaa
537 991 620 1050 nobis
641 1000 820 1066 strumentum
843 991 870 1066 §0
890 991 1088 1052 152-150.
1174 1065 1180 1071 ,

313 1075 381 1137 hinc
402 1077 487 1136 etiam
515 1077 682 1136 acerrimum
704 1073 896 1152 Graecorum,
934 1077 1086 1151 praecipua
1105 1098 1175 1140 vero
1194 1071 1321 1138 Atheni·

431 1162 542 1219 ensium
562 1163 592 1218 in
613 1179 664 1219 eos
685 1160 792 1218 odium.
816 1161 1059 1235 §.157-159.

314 1243 415 1322 ltaque
438 1242 531 1304 omnia
552 1243 587 1302 ad
606 1245 715 1302 bellum
742 1254 839 1302 contra
866 1245 917 1304 eoa'
946 1247 1086 1319 excitant,
1124 1246 1171 1304 cui
1190 1245 1320 1306 faciendo

429 1349 565 1404 praesens
585 1338 699 1402 tempus
720 1330 844 1386 maxime
865 1337 910 1386 eat
930 1339 1136 1403 opportunum
1159 1331 1222 1387 istis
1243 1334 1320 1390 enim

430 1433 504 1472 nunc
522 1413 611 1470 multa
632 1412 743 1488 desunt,
763 1431 838 1486 quae
858 1412 941 1470 nobis
961 1413 1081 1470 aderunt
1098 1411 1233 1486 intortio,
1255 1417 1320 1488 qui·

431 1499 485 1556 bus
505 1497 671 1555 festinanter
691 1498 734 1555 uti
753 1497 903 1556 debemuaa
926 1497 952 1571 §.
973 1503 1172 1556 160-166.

378 1583 454 1642 mala
476 1582 579 1654 quibus
599 1581 705 1642 afflicta
725 1592 770 1640 eat
789 1590 848 1640 tota
868 1577 989 1639 Graecia
1014 1601 1088 1639 numo
1113 1580 1150 1640 ad
1177 1600 1320 1641 summum

430 1674 618 1740 pervenerunt
637 1665 800 1741 fastigium,
823 1665 849 1740 §.
867 1671 973 1726 167-
986 1670 1058 1724 169.

380 1751 541 1810 simultates
566 1759 697 1825 mutuae,
733 1769 806 1824 qum
831 1750 914 1808 nobis
935 1751 1087 1824 perniciem
1109 1757 1227 1824 parant,
1264 1746 1320 1809 lioc

430 1843 539 1892 tautum
558 1833 642 1892 modo
663 1843 797 1908 poterunt
817 1834 969 1909 componi,
990 1835 1023 1909 ·§.
1039 1838 1233 1894 170-172.

379 1927 411 1977 ut
432 1937 516 1992 qnam
536 1920 661 1992 primum
681 1920 835 1977 coniunctis
854 1911 963 1978 viribus
991 1918 1100 1977 bellum
1129 1926 1226 1976 contra
1246 1915 1317 1978 Per·

334 2019 345 2032 ²
431 2023 478 2062 sas
499 2003 530 2060 in
550 2000 654 2061 Asiam
675 2003 893 2078 transferamus3
917 2005 1032 2079 §.173.
1054 2004 1130 2062 174.

380 2096 489 2146 tanuun
509 2087 585 2144 enim
605 2087 701 2160 abest,
738 2097 772 2145 ut
791 2087 907 2146 foedera
934 2087 1007 2146 lianc
1034 2085 1244 2160 expeditionem
1264 2087 1318 2146 im·

429 2171 559 2246 pediant,
582 2181 614 2230 ut
635 2173 669 2230 ab
691 2173 768 2230 omni
786 2183 867 2246 parte
888 2174 1020 2231 excitent.
1042 2172 1284 2246 §.175-178.

378 2253 508 2316 Suadent
528 2276 592 2316 eam
611 2257 733 2316 iniuriae
753 2258 834 2314 nobis
863 2258 978 2331 illatae,
1012 2256 1149 2316 memoria
1170 2255 1317 2331 maiorum,

427 2341 569 2415 facilitas,
601 2361 656 2414 qua
677 2343 754 2419 geri,
791 2341 953 2418 commoda,
971 2344 973 2348 ’
990 2361 1062 2416 quae
1086 2359 1187 2415 parare
1213 2343 1320 2414 poterit

429 2423 556 2498 bellum,
580 2424 606 2498 ξ.
628 2429 738 2484 179-
750 2431 821 2484 182.
1300 2489 1305 2503 Ι

379 2505 499 2567 suadent
512 2509 631 2582 iustitia,
648 2509 760 2565 virtutis
775 2507 937 2582 aemulatio,
958 2509 1062 2585 pietas,
1085 2509 1112 2584 §.
1126 2503 1317 2570 1834184.

377 2593 584 2668 promovebunt
604 2589 753 2650 commune
774 2592 871 2650 odium
891 2601 921 2650 et
939 2593 1059 2670 gloriae,
1078 2591 1145 2652 inde
1166 2592 1319 2670 parandae,

428 2675 596 2736 recordatio.
619 2677 646 2752 §.
668 2680 740 2736 tao.
764 2683 836 2738 186.

568 2877 992 2942 PERORATIO.

334 3009 394 3072 Sed
424 3013 498 3070 infra
523 3015 682 3088 argumenti
717 3015 885 3089 gravitatem
915 3024 944 3073 et
970 3013 1138 3090 dignitatem
1167 3014 1322 3072 consistere

249 3096 351 3156 debeo.
394 3093 460 3154 Vos
486 3097 543 3168 ipsi
571 3098 751 3172 felicitatem,
790 3118 864 3171 quae
885 3117 923 3156 ex
942 3095 1018 3157 Asin
1039 3100 1069 3156 in
1090 3096 1235 3170 Europam
1254 3095 1322 3155 hinc

249 3179 433 3254 redundabit,
462 3181 630 3254 cogitatione
651 3183 782 3256 assequi,
819 3192 848 3240 et
869 3183 970 3257 quibus
992 3191 1036 3242 eat
1053 3184 1197 3258 potentia,
1226 3177 1339 3268 Athe,

246 3267 363 3332 ,roienses
384 3272 413 3322 et
433 3261 675 3322 Lacedaemonios
696 3265 876 3324 reconciliare
905 3266 1059 3341 studeatia;
1092 3273 1320 3340 oratores-vero,

248 3349 369 3421 reliquia
390 3349 519 3406 omnibus
539 3349 653 3424 missis,
690 3350 721 3406 in
741 3347 796 3407 hoc
823 3370 880 3408 uno
907 3359 1074 3426 argumento
1102 3349 1271 3426 morituram
1292 3358 1320 3408 et

249 3433 403 3493 utilissimo
423 3431 600 3491 elaborantes
619 3433 694 3490 inter
713 3452 746 3491 ae
765 3433 918 3494 decertent.
